wind_code,date,time,index,order,order_kind,function_code,order_price,order_volume
000629.SZ,20200327,91500020,0,195,0,S,24800,5000
000629.SZ,20200327,91500030,1,296,0,B,21800,1300
000629.SZ,20200327,91500030,2,297,0,B,21200,1300
000629.SZ,20200327,91500030,3,323,0,S,22900,1300
000629.SZ,20200327,91500030,4,324,0,S,23300,1300
000629.SZ,20200327,91500030,5,325,0,S,23700,1300
000629.SZ,20200327,91500030,6,753,0,S,23400,500
000629.SZ,20200327,91500040,7,1376,0,S,24800,10400
000629.SZ,20200327,91500040,8,1490,0,B,22200,10000
000629.SZ,20200327,91500050,9,1903,0,S,22900,1000
000629.SZ,20200327,91500050,10,2093,0,S,23400,500
000629.SZ,20200327,91500060,11,2716,0,B,22200,20000
000629.SZ,20200327,91500060,12,2777,0,S,23700,5500
000629.SZ,20200327,91500070,13,3147,0,S,23900,17000
000629.SZ,20200327,91500070,14,3224,0,B,20300,500
000629.SZ,20200327,91500070,15,3225,0,B,21500,500
000629.SZ,20200327,91500070,16,3226,0,B,21000,500
000629.SZ,20200327,91500070,17,3233,0,S,24700,500
000629.SZ,20200327,91500070,18,3234,0,S,24000,500
000629.SZ,20200327,91500070,19,3235,0,S,23500,500
000629.SZ,20200327,91500080,20,3412,0,B,22300,15000
000629.SZ,20200327,91500080,21,3734,0,S,22900,20000
000629.SZ,20200327,91500080,22,3735,0,S,22700,20000
000629.SZ,20200327,91500090,23,3844,0,S,24800,15000
000629.SZ,20200327,91500090,24,3845,0,S,23700,1300
000629.SZ,20200327,91500090,25,3846,0,B,21900,20000
000629.SZ,20200327,91500090,26,3968,0,S,23900,10000
000629.SZ,20200327,91500100,27,4276,0,B,21500,1000
000629.SZ,20200327,91500110,28,4624,0,B,20300,3700
000629.SZ,20200327,91500130,29,5258,0,S,24400,7700
000629.SZ,20200327,91500130,30,5259,0,S,24800,10000
000629.SZ,20200327,91500160,31,6267,0,B,21400,1000
000629.SZ,20200327,91500170,32,6654,0,S,23000,1000
000629.SZ,20200327,91500170,33,6657,0,S,24500,3100
000629.SZ,20200327,91500170,34,6802,0,B,20900,5000
000629.SZ,20200327,91500180,35,7300,0,B,20300,2000
000629.SZ,20200327,91500180,36,7576,0,B,23700,100
000629.SZ,20200327,91500190,37,7758,0,B,21800,1000
000629.SZ,20200327,91500190,38,7865,0,S,23100,1100
000629.SZ,20200327,91500190,39,7902,0,S,23900,5000
000629.SZ,20200327,91500190,40,7973,0,S,24500,700
000629.SZ,20200327,91500210,41,9109,0,S,24700,2500
000629.SZ,20200327,91500230,42,10541,0,S,23900,100000
000629.SZ,20200327,91500240,43,10719,0,S,23200,200000
000629.SZ,20200327,91500250,44,11469,0,B,21500,600
000629.SZ,20200327,91500260,45,11807,0,B,21700,3500
000629.SZ,20200327,91500270,46,12202,0,B,22500,40000
000629.SZ,20200327,91500270,47,12203,0,B,22400,40000
000629.SZ,20200327,91500270,48,12622,0,S,24800,1100
000629.SZ,20200327,91500290,49,13215,0,B,22300,20000
000629.SZ,20200327,91500300,50,13658,0,S,23000,300
000629.SZ,20200327,91500320,51,14639,0,S,24800,44600
000629.SZ,20200327,91500320,52,14793,0,B,21300,30000
000629.SZ,20200327,91500320,53,15130,0,S,22900,10000
000629.SZ,20200327,91500320,54,15131,0,S,23000,10000
000629.SZ,20200327,91500320,55,15132,0,S,23500,10000
000629.SZ,20200327,91500330,56,15274,0,S,23500,10000
000629.SZ,20200327,91500330,57,15276,0,S,23900,10000
000629.SZ,20200327,91500330,58,15364,0,B,22600,40000
000629.SZ,20200327,91500350,59,16558,0,S,24500,10000
000629.SZ,20200327,91500360,60,16578,0,B,21000,1800
000629.SZ,20200327,91500370,61,17176,0,S,22900,1200
000629.SZ,20200327,91500370,62,17200,0,S,23300,1500
000629.SZ,20200327,91500370,63,17201,0,S,23500,1500
000629.SZ,20200327,91500380,64,17818,0,S,22800,4100
000629.SZ,20200327,91500380,65,17936,0,B,22500,24800
000629.SZ,20200327,91500380,66,17945,0,B,22500,13400
000629.SZ,20200327,91500380,67,18101,0,B,22000,30000
000629.SZ,20200327,91500380,68,18102,0,B,22100,30000
000629.SZ,20200327,91500390,69,18640,0,B,20300,5000
000629.SZ,20200327,91500400,70,18656,0,S,24700,10000
000629.SZ,20200327,91500400,71,18681,0,B,22300,10000
000629.SZ,20200327,91500400,72,18687,0,B,22100,4000
000629.SZ,20200327,91500400,73,18689,0,B,22300,4000
000629.SZ,20200327,91500400,74,18690,0,B,21900,5000
000629.SZ,20200327,91500400,75,18701,0,B,22200,10000
000629.SZ,20200327,91500400,76,18712,0,S,23500,4000
000629.SZ,20200327,91500400,77,18713,0,S,23100,4000
000629.SZ,20200327,91500400,78,18955,0,S,22600,600
000629.SZ,20200327,91500410,79,19288,0,S,22900,10000
000629.SZ,20200327,91500410,80,19289,0,S,23000,10000
000629.SZ,20200327,91500410,81,19290,0,S,23100,10000
000629.SZ,20200327,91500410,82,19291,0,S,23200,20000
000629.SZ,20200327,91500410,83,19292,0,S,23300,30000
000629.SZ,20200327,91500410,84,19293,0,S,23400,30000
000629.SZ,20200327,91500410,85,19324,0,S,23300,4000
000629.SZ,20200327,91500420,86,19600,0,S,23600,400
000629.SZ,20200327,91500440,87,20789,0,S,23300,10000
000629.SZ,20200327,91500440,88,20923,0,S,24800,15100
000629.SZ,20200327,91500450,89,21519,0,S,24800,8000
000629.SZ,20200327,91500450,90,21733,0,S,23500,1000
000629.SZ,20200327,91500460,91,21889,0,S,23200,10100
000629.SZ,20200327,91500460,92,22175,0,S,24800,1000
000629.SZ,20200327,91500460,93,22247,0,B,21800,2600
000629.SZ,20200327,91500470,94,22409,0,B,22000,1100
000629.SZ,20200327,91500480,95,23083,0,B,22300,2800
000629.SZ,20200327,91500490,96,23240,0,S,22900,1000
000629.SZ,20200327,91500490,97,23241,0,S,23400,1000
000629.SZ,20200327,91500490,98,23242,0,S,23900,1000
000629.SZ,20200327,91500490,99,23243,0,S,24400,1000
000629.SZ,20200327,91500490,100,23244,0,S,24800,2000
000629.SZ,20200327,91500500,101,23706,0,B,21600,1600
000629.SZ,20200327,91500500,102,23707,0,S,24000,2200
000629.SZ,20200327,91500500,103,23724,0,S,24700,5800
000629.SZ,20200327,91500500,104,23771,0,S,22700,3200
000629.SZ,20200327,91500500,105,23789,0,B,20500,500
000629.SZ,20200327,91500500,106,23791,0,B,21000,500
000629.SZ,20200327,91500500,107,23792,0,B,22000,500
000629.SZ,20200327,91500500,108,23793,0,B,21500,500
000629.SZ,20200327,91500500,109,23894,0,S,23200,15800
000629.SZ,20200327,91500500,110,24146,0,S,24600,20000
000629.SZ,20200327,91500500,111,24211,0,B,22300,8500
000629.SZ,20200327,91500510,112,24606,0,B,22000,3600
000629.SZ,20200327,91500530,113,25718,0,S,22800,20000
000629.SZ,20200327,91500530,114,25719,0,S,23500,40000
000629.SZ,20200327,91500530,115,25721,0,B,22400,30000
000629.SZ,20200327,91500540,116,25808,0,B,21000,5700
000629.SZ,20200327,91500540,117,26315,0,S,22400,500
000629.SZ,20200327,91500540,118,26366,0,S,24800,3700
000629.SZ,20200327,91500580,119,27782,0,B,22600,13400
000629.SZ,20200327,91500580,120,27796,0,B,20300,100
000629.SZ,20200327,91500580,121,27806,0,S,23200,25000
000629.SZ,20200327,91500580,122,27827,0,S,24800,1000
000629.SZ,20200327,91500580,123,27982,0,S,23600,5000
000629.SZ,20200327,91500580,124,27990,0,B,20300,10000
000629.SZ,20200327,91500580,125,28000,0,B,20600,10000
000629.SZ,20200327,91500580,126,28001,0,B,20900,10000
000629.SZ,20200327,91500580,127,28002,0,B,21200,10000
000629.SZ,20200327,91500580,128,28003,0,B,21500,10000
000629.SZ,20200327,91500580,129,28004,0,B,22200,10000
000629.SZ,20200327,91500580,130,28005,0,B,22300,10000
000629.SZ,20200327,91500580,131,28032,0,B,22100,20000
000629.SZ,20200327,91500580,132,28033,0,B,22000,50000
000629.SZ,20200327,91500580,133,28037,0,B,21900,80000
000629.SZ,20200327,91500580,134,28038,0,B,21800,109600
000629.SZ,20200327,91500580,135,28039,0,S,24800,10000
000629.SZ,20200327,91500580,136,28040,0,S,24300,10000
000629.SZ,20200327,91500580,137,28041,0,S,23800,10000
000629.SZ,20200327,91500580,138,28042,0,S,23300,10000
000629.SZ,20200327,91500580,139,28204,0,S,22800,300
000629.SZ,20200327,91500590,140,28419,0,S,23000,4000
000629.SZ,20200327,91500590,141,28472,0,B,22000,1000
000629.SZ,20200327,91500590,142,28496,0,B,21700,1000
000629.SZ,20200327,91500590,143,28585,0,B,22000,1000
000629.SZ,20200327,91500600,144,29184,0,S,23100,2000
000629.SZ,20200327,91500630,145,31005,0,S,23000,5400
000629.SZ,20200327,91500630,146,31067,0,S,22700,23100
000629.SZ,20200327,91500630,147,31073,0,S,22800,24600
000629.SZ,20200327,91500630,148,31074,0,S,22900,27100
000629.SZ,20200327,91500630,149,31089,0,S,23000,31000
000629.SZ,20200327,91500630,150,31091,0,S,23100,21900
000629.SZ,20200327,91500630,151,31093,0,S,23200,23900
000629.SZ,20200327,91500630,152,31334,0,B,20300,300
000629.SZ,20200327,91500630,153,31337,0,B,20800,300
000629.SZ,20200327,91500630,154,31338,0,B,21300,300
000629.SZ,20200327,91500630,155,31339,0,S,24800,300
000629.SZ,20200327,91500640,156,31657,0,B,21400,1000
000629.SZ,20200327,91500640,157,31675,0,S,23000,1000
000629.SZ,20200327,91500640,158,31831,0,B,22000,5700
000629.SZ,20200327,91500640,159,31834,0,B,21500,6200
000629.SZ,20200327,91500640,160,31849,0,S,23400,4000
000629.SZ,20200327,91500640,161,31850,0,S,24800,3500
000629.SZ,20200327,91500650,162,32365,0,S,24800,5100
000629.SZ,20200327,91500650,163,32507,0,S,23500,500
000629.SZ,20200327,91500650,164,32508,0,S,24500,500
000629.SZ,20200327,91500670,165,33215,0,S,23200,5500
000629.SZ,20200327,91500680,166,33589,0,B,20600,10000
000629.SZ,20200327,91500680,167,33592,0,B,20600,20000
000629.SZ,20200327,91500680,168,33683,0,S,23500,1000
000629.SZ,20200327,91500680,169,33691,0,S,24000,1000
000629.SZ,20200327,91500710,170,35013,0,B,21200,1000
000629.SZ,20200327,91500720,171,35172,0,S,24700,30000
000629.SZ,20200327,91500720,172,35381,0,S,23400,1600
000629.SZ,20200327,91500740,173,35965,0,S,24800,3300
000629.SZ,20200327,91500740,174,36170,0,S,24500,1000
000629.SZ,20200327,91500780,175,37106,0,S,24800,600
000629.SZ,20200327,91500790,176,37370,0,B,22200,1000
000629.SZ,20200327,91500790,177,37371,0,B,22000,1000
000629.SZ,20200327,91500790,178,37372,0,S,22700,1000
000629.SZ,20200327,91500790,179,37373,0,S,22900,1000
000629.SZ,20200327,91500790,180,37375,0,S,23100,1000
000629.SZ,20200327,91500790,181,37376,0,S,23300,1000
000629.SZ,20200327,91500790,182,37377,0,S,23500,1000
000629.SZ,20200327,91500790,183,37378,0,S,23700,1000
000629.SZ,20200327,91500790,184,37379,0,S,23900,1000
000629.SZ,20200327,91500790,185,37380,0,S,24100,1000
000629.SZ,20200327,91500790,186,37381,0,S,24300,1000
000629.SZ,20200327,91500790,187,37382,0,S,24500,1000
000629.SZ,20200327,91500790,188,37383,0,S,24800,1000
000629.SZ,20200327,91500790,189,37493,0,B,21200,30000
000629.SZ,20200327,91500790,190,37558,0,B,22000,5000
000629.SZ,20200327,91500800,191,37855,0,B,21900,3000
000629.SZ,20200327,91500800,192,37866,0,B,21600,4000
000629.SZ,20200327,91500810,193,38105,0,B,21500,20000
000629.SZ,20200327,91500870,194,39999,0,S,22400,57800
000629.SZ,20200327,91500890,195,40611,0,B,22000,20000
000629.SZ,20200327,91500900,196,40650,0,B,22000,10000
000629.SZ,20200327,91500900,197,40819,0,S,23100,41000
000629.SZ,20200327,91500950,198,42234,0,B,22200,7700
000629.SZ,20200327,91500980,199,43005,0,B,20500,1000
000629.SZ,20200327,91500990,200,43215,0,S,23600,17500
000629.SZ,20200327,91500990,201,43313,0,B,22100,500
000629.SZ,20200327,91501010,202,43688,0,S,24000,7300
000629.SZ,20200327,91501050,203,45167,0,B,22600,2000
000629.SZ,20200327,91501080,204,45909,0,S,24700,1300
000629.SZ,20200327,91501080,205,46084,0,S,22700,17400
000629.SZ,20200327,91501080,206,46085,0,S,23000,20000
000629.SZ,20200327,91501090,207,46243,0,S,23600,400
000629.SZ,20200327,91501090,208,46393,0,S,24800,2000
000629.SZ,20200327,91501090,209,46410,0,S,23000,8400
000629.SZ,20200327,91501090,210,46411,0,B,22100,9600
000629.SZ,20200327,91501150,211,48801,0,S,24700,6000
000629.SZ,20200327,91501160,212,48946,0,B,20300,100
000629.SZ,20200327,91501170,213,49405,0,S,24600,800
000629.SZ,20200327,91501240,214,51650,0,B,20300,400
000629.SZ,20200327,91501290,215,52997,0,S,23200,1000
000629.SZ,20200327,91501290,216,53130,0,S,24700,5600
000629.SZ,20200327,91501290,217,53145,0,S,24600,27800
000629.SZ,20200327,91501290,218,53237,0,B,22200,300
000629.SZ,20200327,91501290,219,53349,0,S,24800,5700
000629.SZ,20200327,91501310,220,54172,0,S,22900,2000
000629.SZ,20200327,91501310,221,54177,0,B,22000,2000
000629.SZ,20200327,91501310,222,54281,0,S,24300,500
000629.SZ,20200327,91501330,223,54770,0,S,23100,1400
000629.SZ,20200327,91501360,224,55751,0,S,24800,500
000629.SZ,20200327,91501370,225,56192,0,S,24700,139300
000629.SZ,20200327,91501380,226,56664,0,S,23700,10000
000629.SZ,20200327,91501410,227,57449,0,B,22100,30000
000629.SZ,20200327,91501410,228,57495,0,S,22800,1000
000629.SZ,20200327,91501450,229,58894,0,B,21400,100
000629.SZ,20200327,91501460,230,59338,0,B,22200,4000
000629.SZ,20200327,91501470,231,59772,0,B,21200,1700
000629.SZ,20200327,91501480,232,60206,0,S,24600,6000
000629.SZ,20200327,91501500,233,60755,0,S,24200,1000
000629.SZ,20200327,91501500,234,60793,0,S,24000,500
000629.SZ,20200327,91501510,235,60880,0,S,24500,2200
000629.SZ,20200327,91501520,236,61308,0,B,21000,1000
000629.SZ,20200327,91501520,237,61309,0,S,24600,1000
000629.SZ,20200327,91501530,238,61660,0,S,24000,500
000629.SZ,20200327,91501540,239,61880,0,S,24800,600
000629.SZ,20200327,91501560,240,62574,0,B,22200,2000
000629.SZ,20200327,91501560,241,62629,0,S,24800,20000
000629.SZ,20200327,91501560,242,62632,0,S,23800,10000
000629.SZ,20200327,91501560,243,62678,0,S,23100,50000
000629.SZ,20200327,91501570,244,62776,0,B,22100,10000
000629.SZ,20200327,91501600,245,64086,0,S,23800,3000
000629.SZ,20200327,91501620,246,64640,0,S,23600,4300
000629.SZ,20200327,91501620,247,64650,0,B,21600,500
000629.SZ,20200327,91501630,248,64752,0,S,23500,2900
000629.SZ,20200327,91501650,249,65315,0,B,22300,10000
000629.SZ,20200327,91501650,250,65316,0,B,22200,10000
000629.SZ,20200327,91501650,251,65317,0,B,22100,10000
000629.SZ,20200327,91501660,252,65574,0,S,23600,13000
000629.SZ,20200327,91501660,253,65654,0,S,24800,1000
000629.SZ,20200327,91501670,254,65898,0,B,22200,60000
000629.SZ,20200327,91501700,255,66738,0,B,22200,10000
000629.SZ,20200327,91501700,256,66878,0,B,21600,400
000629.SZ,20200327,91501710,257,66957,0,S,24700,20000
000629.SZ,20200327,91501710,258,67192,0,S,24800,10000
000629.SZ,20200327,91501720,259,67500,0,S,23600,800
000629.SZ,20200327,91501740,260,67822,0,B,21400,1500
000629.SZ,20200327,91501740,261,67823,0,S,23400,2900
000629.SZ,20200327,91501740,262,67824,0,S,23700,2800
000629.SZ,20200327,91501740,263,67901,0,B,22300,300
000629.SZ,20200327,91501760,264,68354,0,B,20300,1000
000629.SZ,20200327,91501800,265,69276,0,S,24800,1000
000629.SZ,20200327,91501810,266,69485,0,S,23000,6000
000629.SZ,20200327,91501820,267,69839,0,B,22100,1500
000629.SZ,20200327,91501830,268,69903,0,S,23200,900
000629.SZ,20200327,91501840,269,70545,0,S,24600,20000
000629.SZ,20200327,91501840,270,70549,0,S,24700,20000
000629.SZ,20200327,91501840,271,70550,0,S,24500,20000
000629.SZ,20200327,91501840,272,70554,0,S,24800,50000
000629.SZ,20200327,91501840,273,70647,0,S,23800,3000
000629.SZ,20200327,91501870,274,71178,0,S,24800,16000
000629.SZ,20200327,91501880,275,71437,0,S,23000,3000
000629.SZ,20200327,91501880,276,71558,0,S,23900,3800
000629.SZ,20200327,91501960,277,73297,0,B,21200,1000
000629.SZ,20200327,91501980,278,73755,0,S,23400,11000
000629.SZ,20200327,91501980,279,73764,0,B,22500,4900
000629.SZ,20200327,91502010,280,74355,0,S,23500,2000
000629.SZ,20200327,91502010,281,74367,0,S,24300,2000
000629.SZ,20200327,91502010,282,74368,0,B,21800,2000
000629.SZ,20200327,91502010,283,74371,0,S,23200,50000
000629.SZ,20200327,91502010,284,74372,0,S,23200,43300
000629.SZ,20200327,91502020,285,74590,0,S,23100,700
000629.SZ,20200327,91502030,286,74693,0,S,24800,1500
000629.SZ,20200327,91502040,287,74930,0,B,21800,500
000629.SZ,20200327,91502050,288,75187,0,B,21900,3000
000629.SZ,20200327,91502060,289,75274,0,S,24100,328900
000629.SZ,20200327,91502090,290,76065,0,S,23800,10000
000629.SZ,20200327,91502090,291,76066,0,S,23900,10000
000629.SZ,20200327,91502090,292,76067,0,S,24000,10000
000629.SZ,20200327,91502100,293,76360,0,B,21300,100
000629.SZ,20200327,91502120,294,76750,0,S,24600,1000
000629.SZ,20200327,91502120,295,76752,0,S,23500,1000
000629.SZ,20200327,91502130,296,76992,0,B,21700,1500
000629.SZ,20200327,91502140,297,77324,0,S,23300,30000
000629.SZ,20200327,91502140,298,77332,0,S,23800,500
000629.SZ,20200327,91502140,299,77351,0,S,23000,4500
000629.SZ,20200327,91502140,300,77361,0,S,23800,500
000629.SZ,20200327,91502150,301,77506,0,B,22400,2200
000629.SZ,20200327,91502150,302,77612,0,S,24800,5000
000629.SZ,20200327,91502170,303,78317,0,S,23100,3500
000629.SZ,20200327,91502220,304,79298,0,S,22800,1500
000629.SZ,20200327,91502220,305,79531,0,B,21200,3000
000629.SZ,20200327,91502220,306,79532,0,B,21300,3000
000629.SZ,20200327,91502220,307,79534,0,B,21400,3000
000629.SZ,20200327,91502220,308,79535,0,B,21500,3000
000629.SZ,20200327,91502220,309,79537,0,B,21800,1000
000629.SZ,20200327,91502220,310,79539,0,B,21900,1000
000629.SZ,20200327,91502250,311,79982,0,S,23200,2400
000629.SZ,20200327,91502260,312,80325,0,B,22300,7000
000629.SZ,20200327,91502260,313,80331,0,B,20300,10000
000629.SZ,20200327,91502270,314,80573,0,B,22000,1000
000629.SZ,20200327,91502280,315,80848,0,S,24800,100
000629.SZ,20200327,91502310,316,81871,0,S,22800,2800
000629.SZ,20200327,91502310,317,81947,0,B,22000,400
000629.SZ,20200327,91502330,318,82649,0,S,23000,4100
000629.SZ,20200327,91502360,319,83530,0,S,22800,4700
000629.SZ,20200327,91502360,320,83542,0,S,23700,600
000629.SZ,20200327,91502370,321,83894,0,S,22600,15000
000629.SZ,20200327,91502380,322,84171,0,S,24100,1000
000629.SZ,20200327,91502390,323,84487,0,S,23700,21600
000629.SZ,20200327,91502390,324,84526,0,S,23400,44300
000629.SZ,20200327,91502390,325,84583,0,B,21800,1000
000629.SZ,20200327,91502390,326,84585,0,B,21100,2000
000629.SZ,20200327,91502390,327,84586,0,B,20900,3000
000629.SZ,20200327,91502390,328,84597,0,B,22500,15500
000629.SZ,20200327,91502470,329,86307,0,B,22000,20000
000629.SZ,20200327,91502470,330,86315,0,S,23400,80000
000629.SZ,20200327,91502470,331,86355,0,B,22200,1000
000629.SZ,20200327,91502470,332,86387,0,B,22000,1000
000629.SZ,20200327,91502480,333,86566,0,S,23300,24600
000629.SZ,20200327,91502500,334,86950,0,B,22000,2000
000629.SZ,20200327,91502500,335,86952,0,S,23200,2300
000629.SZ,20200327,91502510,336,87014,0,B,21100,5000
000629.SZ,20200327,91502510,337,87098,0,S,24600,1500
000629.SZ,20200327,91502550,338,87860,0,B,20500,1000
000629.SZ,20200327,91502560,339,87980,0,S,23200,1000
000629.SZ,20200327,91502620,340,89111,0,B,21800,14700
000629.SZ,20200327,91502630,341,89380,0,S,24000,2700
000629.SZ,20200327,91502630,342,89403,0,S,24700,17000
000629.SZ,20200327,91502660,343,90096,0,S,24500,2400
000629.SZ,20200327,91502720,344,91441,0,B,22800,5000
000629.SZ,20200327,91502720,345,91442,0,B,23000,5000
000629.SZ,20200327,91502720,346,91443,0,B,23100,5000
000629.SZ,20200327,91502720,347,91445,0,B,23200,5000
000629.SZ,20200327,91502740,348,91715,0,S,23000,3300
000629.SZ,20200327,91502770,349,92113,0,S,23700,6000
000629.SZ,20200327,91502890,350,94548,0,B,21200,1000
000629.SZ,20200327,91502930,351,95168,0,S,22700,5000
000629.SZ,20200327,91502930,352,95170,0,S,22900,5000
000629.SZ,20200327,91502930,353,95171,0,S,23100,5000
000629.SZ,20200327,91502930,354,95174,0,S,23300,5000
000629.SZ,20200327,91502930,355,95175,0,S,23600,5000
000629.SZ,20200327,91502930,356,95177,0,S,24100,5000
000629.SZ,20200327,91502950,357,95516,0,S,23800,200
000629.SZ,20200327,91502960,358,95660,0,S,24300,5300
000629.SZ,20200327,91502980,359,96017,0,S,24800,5000
000629.SZ,20200327,91503010,360,96636,0,B,21400,1000
000629.SZ,20200327,91503010,361,96746,0,S,24400,5000
000629.SZ,20200327,91503030,362,97096,0,S,24800,10000
000629.SZ,20200327,91503060,363,97616,0,S,24700,39600
000629.SZ,20200327,91503060,364,97746,0,S,22800,5000
000629.SZ,20200327,91503060,365,97762,0,S,24500,2000
000629.SZ,20200327,91503060,366,97763,0,S,23500,1000
000629.SZ,20200327,91503060,367,97877,0,B,22500,29200
000629.SZ,20200327,91503110,368,98775,0,S,23000,200
000629.SZ,20200327,91503110,369,98776,0,B,22300,100
000629.SZ,20200327,91503110,370,98787,0,S,23000,200
000629.SZ,20200327,91503140,371,99343,0,B,22200,3000
000629.SZ,20200327,91503150,372,99432,0,S,23500,300
000629.SZ,20200327,91503150,373,99635,0,S,24300,10000
000629.SZ,20200327,91503190,374,100165,0,B,20500,8000
000629.SZ,20200327,91503220,375,100659,0,B,20800,100
000629.SZ,20200327,91503330,376,102672,0,B,20700,200
000629.SZ,20200327,91503340,377,103047,0,S,23500,400
000629.SZ,20200327,91503370,378,103560,0,S,24800,1700
000629.SZ,20200327,91503400,379,104045,0,S,23200,11800
000629.SZ,20200327,91503450,380,105087,0,S,23000,2100
000629.SZ,20200327,91503450,381,105213,0,B,22300,17100
000629.SZ,20200327,91503460,382,105238,0,S,23700,1000
000629.SZ,20200327,91503470,383,105543,0,S,24800,1000
000629.SZ,20200327,91503520,384,105989,0,B,22400,8900
000629.SZ,20200327,91503540,385,106232,0,B,22300,15100
000629.SZ,20200327,91503560,386,106530,0,S,23500,1100
000629.SZ,20200327,91503610,387,107222,0,S,22500,21500
000629.SZ,20200327,91503630,388,107451,0,S,24800,20000
000629.SZ,20200327,91503710,389,108781,0,S,23400,50000
000629.SZ,20200327,91503710,390,108783,0,S,23300,30000
000629.SZ,20200327,91503710,391,108786,0,S,23800,30000
000629.SZ,20200327,91503710,392,108788,0,S,23600,21700
000629.SZ,20200327,91503730,393,109019,0,B,21900,500
000629.SZ,20200327,91503730,394,109026,0,B,22000,500
000629.SZ,20200327,91503780,395,109464,0,S,23500,3900
000629.SZ,20200327,91503800,396,109656,0,B,21800,3300
000629.SZ,20200327,91503810,397,109816,0,S,24500,5000
000629.SZ,20200327,91503830,398,110134,0,S,24800,200
000629.SZ,20200327,91503880,399,110724,0,B,21800,900
000629.SZ,20200327,91503880,400,110743,0,B,20600,1500
000629.SZ,20200327,91503920,401,111451,0,S,24800,1500
000629.SZ,20200327,91503920,402,111463,0,B,22000,2000
000629.SZ,20200327,91503920,403,111485,0,B,21000,5000
000629.SZ,20200327,91503920,404,111488,0,B,20500,3000
000629.SZ,20200327,91503920,405,111558,0,B,22400,90300
000629.SZ,20200327,91503940,406,111860,0,S,22800,20000
000629.SZ,20200327,91503970,407,112217,0,S,23500,20800
000629.SZ,20200327,91504000,408,112494,0,B,21100,2000
000629.SZ,20200327,91504020,409,112740,0,S,23200,14900
000629.SZ,20200327,91504070,410,113386,0,S,23100,6300
000629.SZ,20200327,91504130,411,113907,0,B,22300,3000
000629.SZ,20200327,91504150,412,114154,0,B,22500,300
000629.SZ,20200327,91504170,413,114378,0,B,22500,3000
000629.SZ,20200327,91504180,414,114460,0,S,23200,500
000629.SZ,20200327,91504210,415,114812,0,S,23800,30000
000629.SZ,20200327,91504300,416,115893,0,S,24800,10000
000629.SZ,20200327,91504300,417,115896,0,S,23000,2600
000629.SZ,20200327,91504370,418,117110,0,B,20400,2000
000629.SZ,20200327,91504370,419,117138,0,S,24700,3000
000629.SZ,20200327,91504380,420,117229,0,B,21000,1000
000629.SZ,20200327,91504390,421,117377,0,S,24800,30000
000629.SZ,20200327,91504430,422,117748,0,S,23700,1200
000629.SZ,20200327,91504560,423,118864,0,B,22300,8200
000629.SZ,20200327,91504560,424,118927,0,B,21500,800
000629.SZ,20200327,91504560,425,118930,0,S,24600,700
000629.SZ,20200327,91504580,426,119139,0,B,22100,1500
000629.SZ,20200327,91504620,427,119421,0,B,22300,20000
000629.SZ,20200327,91504630,428,119518,0,S,23000,26400
000629.SZ,20200327,91504650,429,119723,0,B,22100,10000
000629.SZ,20200327,91504650,430,119738,0,S,24800,20000
000629.SZ,20200327,91504650,431,119808,0,S,23400,500
000629.SZ,20200327,91504660,432,119969,0,B,22000,6800
000629.SZ,20200327,91504720,433,120358,0,B,21800,15000
000629.SZ,20200327,91504720,434,120372,0,S,23000,10000
000629.SZ,20200327,91504720,435,120373,0,S,22900,10000
000629.SZ,20200327,91504740,436,120494,0,B,20300,12000
000629.SZ,20200327,91504790,437,120829,0,S,24200,10000
000629.SZ,20200327,91504850,438,121545,0,S,23000,3000
000629.SZ,20200327,91504860,439,121573,0,S,23500,3000
000629.SZ,20200327,91504920,440,122059,0,S,24000,3000
000629.SZ,20200327,91504930,441,122217,0,S,24500,3000
000629.SZ,20200327,91505080,442,123424,0,S,22900,200
000629.SZ,20200327,91505160,443,124297,0,S,24800,1000
000629.SZ,20200327,91505160,444,124312,0,S,23800,500
000629.SZ,20200327,91505230,445,125017,0,B,22000,400
000629.SZ,20200327,91505280,446,125417,0,S,23200,3800
000629.SZ,20200327,91505300,447,125641,0,S,23100,20900
000629.SZ,20200327,91505310,448,125744,0,S,24800,16000
000629.SZ,20200327,91505570,449,127374,0,S,23200,3800
000629.SZ,20200327,91505830,450,128056,0,B,22500,4600
000629.SZ,20200327,91506090,451,128737,0,S,24800,1000
000629.SZ,20200327,91506140,452,129149,0,S,23800,500
000629.SZ,20200327,91506140,453,129195,0,S,23200,500
000629.SZ,20200327,91506200,454,129648,0,S,22900,2000
000629.SZ,20200327,91506200,455,129649,0,S,23000,2000
000629.SZ,20200327,91506210,456,129663,0,S,22800,2000
000629.SZ,20200327,91506210,457,129667,0,S,23100,2000
000629.SZ,20200327,91506210,458,129669,0,S,23200,2000
000629.SZ,20200327,91506230,459,129845,0,S,22800,100
000629.SZ,20200327,91506230,460,129859,0,S,24700,91500
000629.SZ,20200327,91507190,461,132700,0,S,24000,2200
000629.SZ,20200327,91508030,462,134363,0,S,24800,2100
000629.SZ,20200327,91508030,463,134364,0,S,24100,2100
000629.SZ,20200327,91508120,464,134606,0,S,23200,24000
000629.SZ,20200327,91508910,465,135924,0,S,24300,14900
000629.SZ,20200327,91509480,466,136981,0,B,23500,3900
000629.SZ,20200327,91509950,467,137197,0,B,22000,5000
000629.SZ,20200327,91510310,468,137511,0,B,21500,1000
000629.SZ,20200327,91512100,469,138075,0,B,20300,500
000629.SZ,20200327,91513010,470,138360,0,S,24800,3100
000629.SZ,20200327,91515380,471,138777,0,S,22500,63700
000629.SZ,20200327,91517660,472,139047,0,B,22300,30000
000629.SZ,20200327,91522030,473,139496,0,S,23800,2000
000629.SZ,20200327,91524330,474,139727,0,S,24800,6400
000629.SZ,20200327,91537670,475,141323,0,S,23000,2000
000629.SZ,20200327,91538700,476,141480,0,B,22100,15000
000629.SZ,20200327,91541240,477,141856,0,S,23900,5000
000629.SZ,20200327,91541650,478,141930,0,B,22000,100
000629.SZ,20200327,91541650,479,141931,0,B,21700,100
000629.SZ,20200327,91541650,480,141932,0,B,21400,100
000629.SZ,20200327,91541650,481,141933,0,B,21100,100
000629.SZ,20200327,91541660,482,141934,0,B,20800,100
000629.SZ,20200327,91547020,483,143443,0,S,22800,15000
000629.SZ,20200327,91558020,484,145167,0,S,20300,100
000629.SZ,20200327,91603460,485,146053,0,B,22500,100
000629.SZ,20200327,91603470,486,146055,0,B,22500,100
000629.SZ,20200327,91603490,487,146056,0,B,22500,100
000629.SZ,20200327,91603490,488,146057,0,B,22500,100
000629.SZ,20200327,91603490,489,146058,0,B,22500,100
000629.SZ,20200327,91603490,490,146059,0,B,22500,100
000629.SZ,20200327,91603520,491,146065,0,B,22500,100
000629.SZ,20200327,91603520,492,146066,0,B,22500,100
000629.SZ,20200327,91606940,493,146544,0,B,22500,100
000629.SZ,20200327,91607900,494,146700,0,S,23500,20000
000629.SZ,20200327,91608000,495,146725,0,S,24800,12500
000629.SZ,20200327,91614810,496,147955,0,S,22700,30000
000629.SZ,20200327,91619050,497,148926,0,B,22500,11400
000629.SZ,20200327,91619450,498,149013,0,S,23000,7000
000629.SZ,20200327,91621940,499,149434,0,S,22700,2900
000629.SZ,20200327,91622560,500,149543,0,S,23200,10000
000629.SZ,20200327,91624300,501,149858,0,B,21200,100
000629.SZ,20200327,91635130,502,151984,0,S,23000,20200
000629.SZ,20200327,91636690,503,152301,0,B,22600,18700
000629.SZ,20200327,91641640,504,153306,0,B,22200,400
000629.SZ,20200327,91657070,505,156434,0,S,23200,2000
000629.SZ,20200327,91657540,506,156537,0,S,22700,10000
000629.SZ,20200327,91700920,507,157280,0,B,22600,100
000629.SZ,20200327,91701170,508,157338,0,S,24800,2200
000629.SZ,20200327,91701680,509,157461,0,B,22600,100
000629.SZ,20200327,91701690,510,157464,0,B,22600,100
000629.SZ,20200327,91701690,511,157465,0,B,22600,100
000629.SZ,20200327,91701720,512,157473,0,B,22600,100
000629.SZ,20200327,91701770,513,157488,0,B,22600,100
000629.SZ,20200327,91701770,514,157489,0,B,22600,100
000629.SZ,20200327,91704960,515,158188,0,B,22700,18600
000629.SZ,20200327,91705880,516,158393,0,S,23600,2000
000629.SZ,20200327,91706450,517,158502,0,B,22600,100
000629.SZ,20200327,91706450,518,158504,0,B,22600,100
000629.SZ,20200327,91715990,519,160608,0,S,22900,3100
000629.SZ,20200327,91716650,520,160757,0,B,22600,29000
000629.SZ,20200327,91717980,521,161067,0,S,23000,25000
000629.SZ,20200327,91718670,522,161249,0,S,23100,5000
000629.SZ,20200327,91719700,523,161489,0,S,24700,2000
000629.SZ,20200327,91721900,524,161966,0,S,23200,400
000629.SZ,20200327,91722580,525,162123,0,B,22500,2000
000629.SZ,20200327,91727760,526,163290,0,S,23300,5000
000629.SZ,20200327,91728150,527,163374,0,S,24800,400
000629.SZ,20200327,91728730,528,163508,0,S,23000,60000
000629.SZ,20200327,91732450,529,164456,0,S,24800,1000
000629.SZ,20200327,91732910,530,164571,0,S,23000,1000
000629.SZ,20200327,91734940,531,165033,0,S,24800,10400
000629.SZ,20200327,91737220,532,165658,0,B,22100,1200
000629.SZ,20200327,91739140,533,166143,0,B,22400,2000
000629.SZ,20200327,91740200,534,166389,0,B,22400,5000
000629.SZ,20200327,91741410,535,166689,0,S,22700,1400
000629.SZ,20200327,91746810,536,168043,0,B,21200,1200
000629.SZ,20200327,91749790,537,168787,0,S,22600,2000
000629.SZ,20200327,91752130,538,169365,0,S,22600,500
000629.SZ,20200327,91800450,539,171357,0,B,22600,100
000629.SZ,20200327,91800450,540,171358,0,B,22600,100
000629.SZ,20200327,91800460,541,171359,0,B,22600,100
000629.SZ,20200327,91800460,542,171360,0,B,22600,100
000629.SZ,20200327,91800460,543,171362,0,B,22600,100
000629.SZ,20200327,91800460,544,171363,0,B,22600,100
000629.SZ,20200327,91800490,545,171370,0,B,22600,100
000629.SZ,20200327,91800500,546,171374,0,B,22600,100
000629.SZ,20200327,91801350,547,171612,0,S,23700,10000
000629.SZ,20200327,91802950,548,171998,0,S,24800,1200
000629.SZ,20200327,91803500,549,172147,0,S,24800,3000
000629.SZ,20200327,91803940,550,172254,0,B,22600,100
000629.SZ,20200327,91806570,551,172898,0,B,22400,40000
000629.SZ,20200327,91807290,552,173075,0,S,24600,10000
000629.SZ,20200327,91810520,553,173909,0,S,24000,100
000629.SZ,20200327,91812290,554,174348,0,S,23400,37600
000629.SZ,20200327,91813610,555,174722,0,S,24700,15000
000629.SZ,20200327,91814590,556,174947,0,S,23800,10000
000629.SZ,20200327,91819490,557,176141,0,S,24800,10000
000629.SZ,20200327,91823490,558,177130,0,S,23400,37600
000629.SZ,20200327,91825330,559,177574,0,S,22700,50000
000629.SZ,20200327,91826290,560,177785,0,B,22400,8600
000629.SZ,20200327,91828540,561,178332,0,B,22100,15000
000629.SZ,20200327,91833280,562,179551,0,B,22000,100
000629.SZ,20200327,91835090,563,180053,0,S,24000,10000
000629.SZ,20200327,91837180,564,180603,0,S,23400,37600
000629.SZ,20200327,91837560,565,180717,0,B,20300,200
000629.SZ,20200327,91840820,566,181591,0,S,22700,24200
000629.SZ,20200327,91841800,567,181833,0,S,22800,40000
000629.SZ,20200327,91842350,568,181987,0,B,22500,3000
000629.SZ,20200327,91845750,569,182894,0,B,22600,8000
000629.SZ,20200327,91846980,570,183188,0,S,24100,10000
000629.SZ,20200327,91848360,571,183515,0,S,23000,3000
000629.SZ,20200327,91849070,572,183711,0,B,22600,15000
000629.SZ,20200327,91852350,573,184600,0,S,23400,37600
000629.SZ,20200327,91853820,574,184982,0,S,22800,30000
000629.SZ,20200327,91854530,575,185170,0,B,22500,4500
000629.SZ,20200327,91856070,576,185578,0,B,22600,500
000629.SZ,20200327,91858640,577,186264,0,B,22500,5000
000629.SZ,20200327,91859390,578,186473,0,B,22600,800
000629.SZ,20200327,91901290,579,186986,0,S,22800,9900
000629.SZ,20200327,91901690,580,187099,0,B,22600,100
000629.SZ,20200327,91901700,581,187100,0,B,22600,100
000629.SZ,20200327,91901700,582,187101,0,B,22600,100
000629.SZ,20200327,91901700,583,187102,0,B,22600,100
000629.SZ,20200327,91901750,584,187115,0,B,22600,100
000629.SZ,20200327,91901750,585,187116,0,B,22600,100
000629.SZ,20200327,91903470,586,187573,0,B,22600,100
000629.SZ,20200327,91903480,587,187574,0,B,22600,100
000629.SZ,20200327,91906290,588,188316,0,S,24800,108100
000629.SZ,20200327,91906960,589,188501,0,B,22600,100
000629.SZ,20200327,91907440,590,188664,0,S,23200,2700
000629.SZ,20200327,91908540,591,189004,0,B,22000,2000
000629.SZ,20200327,91909220,592,189179,0,S,22900,30000
000629.SZ,20200327,91909670,593,189289,0,B,22600,2000
000629.SZ,20200327,91915050,594,190813,0,S,24700,7000
000629.SZ,20200327,91917350,595,191441,0,S,24200,54000
000629.SZ,20200327,91917960,596,191618,0,S,22600,23400
000629.SZ,20200327,91919110,597,191933,0,S,23200,10000
000629.SZ,20200327,91919830,598,192131,0,B,22600,6100
000629.SZ,20200327,91921320,599,192547,0,B,22600,5000
000629.SZ,20200327,91922660,600,192912,0,S,22900,30000
000629.SZ,20200327,91922920,601,192986,0,B,22400,52000
000629.SZ,20200327,91925440,602,193671,0,S,24800,500
000629.SZ,20200327,91925870,603,193785,0,B,21600,3000
000629.SZ,20200327,91929610,604,194820,0,S,22800,71600
000629.SZ,20200327,91931090,605,195215,0,B,22100,5000
000629.SZ,20200327,91936130,606,196585,0,S,22600,20000
000629.SZ,20200327,91936620,607,196735,0,S,24800,330300
000629.SZ,20200327,91937960,608,197123,0,S,22800,71700
000629.SZ,20200327,91939480,609,197581,0,B,23500,2400
000629.SZ,20200327,91939940,610,197722,0,B,22600,100
000629.SZ,20200327,91944350,611,198890,0,S,24800,10000
000629.SZ,20200327,91944550,612,198932,0,B,22600,1000
000629.SZ,20200327,91945630,613,199247,0,B,22500,2300
000629.SZ,20200327,91945920,614,199320,0,S,23300,23100
000629.SZ,20200327,91946440,615,199471,0,B,20300,100
000629.SZ,20200327,91947690,616,199818,0,S,22900,5000
000629.SZ,20200327,91948320,617,199988,0,S,22900,4500
000629.SZ,20200327,91953250,618,201486,0,B,23500,700
000629.SZ,20200327,91956420,619,202480,0,S,23400,10000
000629.SZ,20200327,91957750,620,202928,0,B,23500,300
000629.SZ,20200327,91957790,621,202940,0,S,23500,3000
000629.SZ,20200327,91958590,622,203162,0,S,23000,16000
000629.SZ,20200327,92000450,623,203732,0,B,22600,100
000629.SZ,20200327,92000450,624,203733,0,B,22600,100
000629.SZ,20200327,92000450,625,203734,0,B,22600,100
000629.SZ,20200327,92000450,626,203735,0,B,22600,100
000629.SZ,20200327,92000460,627,203737,0,B,22600,100
000629.SZ,20200327,92000460,628,203738,0,B,22600,100
000629.SZ,20200327,92000490,629,203748,0,B,22600,100
000629.SZ,20200327,92000490,630,203750,0,B,22600,100
000629.SZ,20200327,92000970,631,203886,0,B,22600,100
000629.SZ,20200327,92001070,632,203930,0,B,23600,500
000629.SZ,20200327,92002660,633,204323,0,B,22500,10000
000629.SZ,20200327,92003640,634,204568,0,B,22600,100
000629.SZ,20200327,92003950,635,204644,0,S,23200,1500
000629.SZ,20200327,92004780,636,204871,0,B,22200,46600
000629.SZ,20200327,92005930,637,205142,0,S,23100,5000
000629.SZ,20200327,92014830,638,207459,0,S,23200,5000
000629.SZ,20200327,92015420,639,207612,0,B,22600,10000
000629.SZ,20200327,92017060,640,208051,0,S,22800,44400
000629.SZ,20200327,92017630,641,208210,0,S,24800,12200
000629.SZ,20200327,92017790,642,208251,0,S,23200,10000
000629.SZ,20200327,92022470,643,209555,0,B,22600,4500
000629.SZ,20200327,92023860,644,209893,0,S,23400,5000
000629.SZ,20200327,92026060,645,210425,0,S,22700,5000
000629.SZ,20200327,92026670,646,210575,0,B,22600,1000
000629.SZ,20200327,92026780,647,210601,0,S,23000,1600
000629.SZ,20200327,92028050,648,210919,0,S,22800,5000
000629.SZ,20200327,92031480,649,211830,0,B,22500,1000
000629.SZ,20200327,92033340,650,212351,0,S,23900,3000
000629.SZ,20200327,92033670,651,212448,0,B,22400,40000
000629.SZ,20200327,92034050,652,212554,0,B,22600,10000
000629.SZ,20200327,92034500,653,212679,0,S,23500,5000
000629.SZ,20200327,92038050,654,213627,0,S,23000,24900
000629.SZ,20200327,92038630,655,213782,0,S,22800,5000
000629.SZ,20200327,92047180,656,215979,0,B,22400,2500
000629.SZ,20200327,92049720,657,216652,0,S,23100,16600
000629.SZ,20200327,92050370,658,216842,0,S,24100,6300
000629.SZ,20200327,92050370,659,216844,0,B,21400,6300
000629.SZ,20200327,92051780,660,217204,0,B,22500,10000
000629.SZ,20200327,92052510,661,217406,0,S,23300,8800
000629.SZ,20200327,92055510,662,218194,0,S,24800,10000
000629.SZ,20200327,92056110,663,218357,0,S,23200,11100
000629.SZ,20200327,92057680,664,218749,0,B,22600,4400
000629.SZ,20200327,92057780,665,218773,0,S,22800,20000
000629.SZ,20200327,92100790,666,219563,0,S,23300,11100
000629.SZ,20200327,92101390,667,219726,0,S,24800,4700
000629.SZ,20200327,92101610,668,219784,0,S,22700,20000
000629.SZ,20200327,92103470,669,220275,0,B,22600,100
000629.SZ,20200327,92103480,670,220276,0,B,22600,100
000629.SZ,20200327,92103490,671,220280,0,B,22600,100
000629.SZ,20200327,92103490,672,220281,0,B,22600,100
000629.SZ,20200327,92103490,673,220282,0,B,22600,100
000629.SZ,20200327,92103490,674,220283,0,B,22600,100
000629.SZ,20200327,92103520,675,220290,0,B,22600,100
000629.SZ,20200327,92103520,676,220292,0,B,22600,100
000629.SZ,20200327,92104130,677,220440,0,S,23400,11100
000629.SZ,20200327,92105400,678,220808,0,S,23500,85900
000629.SZ,20200327,92106610,679,221134,0,B,22600,100
000629.SZ,20200327,92106940,680,221248,0,B,22600,100
000629.SZ,20200327,92111710,681,222620,0,S,23000,10000
000629.SZ,20200327,92113610,682,223137,0,B,22400,1100
000629.SZ,20200327,92113950,683,223216,0,B,22200,2000
000629.SZ,20200327,92114800,684,223493,0,B,20300,3000
000629.SZ,20200327,92115100,685,223607,0,S,22800,3500
000629.SZ,20200327,92122830,686,225763,0,S,24000,6400
000629.SZ,20200327,92124510,687,226206,0,B,22000,1000
000629.SZ,20200327,92125760,688,226538,0,S,22900,1000
000629.SZ,20200327,92126560,689,226761,0,B,22600,100
000629.SZ,20200327,92126800,690,226835,0,S,23200,5000
000629.SZ,20200327,92127560,691,227044,0,S,23000,10000
000629.SZ,20200327,92127610,692,227056,0,B,22600,110600
000629.SZ,20200327,92130460,693,227900,0,B,20300,500
000629.SZ,20200327,92131480,694,228207,0,B,22500,10000
000629.SZ,20200327,92131500,695,228214,0,S,24800,28000
000629.SZ,20200327,92132250,696,228421,0,S,23300,4000
000629.SZ,20200327,92132930,697,228615,0,S,22900,30000
000629.SZ,20200327,92133730,698,228837,0,S,23500,10000
000629.SZ,20200327,92135520,699,229330,0,S,22800,4000
000629.SZ,20200327,92138720,700,230268,0,B,21900,3500
000629.SZ,20200327,92138800,701,230295,0,S,23800,10000
000629.SZ,20200327,92139760,702,230558,0,S,22900,100
000629.SZ,20200327,92143230,703,231595,0,B,22600,20000
000629.SZ,20200327,92145210,704,232150,0,B,22000,3000
000629.SZ,20200327,92146700,705,232598,0,S,24100,10000
000629.SZ,20200327,92147290,706,232771,0,S,24800,1400
000629.SZ,20200327,92148910,707,233258,0,S,22800,10000
000629.SZ,20200327,92149070,708,233303,0,B,22600,10000
000629.SZ,20200327,92150430,709,233713,0,S,24000,600
000629.SZ,20200327,92150810,710,233821,0,B,22500,9000
000629.SZ,20200327,92150940,711,233856,0,B,21800,2000
000629.SZ,20200327,92150950,712,233859,0,B,22000,10000
000629.SZ,20200327,92151510,713,234016,0,S,22800,3800
000629.SZ,20200327,92153510,714,234614,0,S,24500,10000
000629.SZ,20200327,92154080,715,234776,0,S,24700,4000
000629.SZ,20200327,92158420,716,236019,0,S,24600,10000
000629.SZ,20200327,92200640,717,236698,0,B,22600,100
000629.SZ,20200327,92200690,718,236710,0,B,22300,14500
000629.SZ,20200327,92200770,719,236731,0,S,22800,3000
000629.SZ,20200327,92200970,720,236791,0,B,22600,100
000629.SZ,20200327,92201150,721,236842,0,S,24600,600
000629.SZ,20200327,92201270,722,236886,0,S,23500,500
000629.SZ,20200327,92201710,723,237015,0,B,22600,100
000629.SZ,20200327,92201730,724,237020,0,B,22600,100
000629.SZ,20200327,92201730,725,237021,0,B,22600,100
000629.SZ,20200327,92201800,726,237046,0,B,22600,100
000629.SZ,20200327,92202150,727,237147,0,B,22600,100
000629.SZ,20200327,92202150,728,237148,0,B,22600,100
000629.SZ,20200327,92202400,729,237212,0,S,23400,8000
000629.SZ,20200327,92203260,730,237493,0,S,24700,10000
000629.SZ,20200327,92206450,731,238500,0,B,22600,100
000629.SZ,20200327,92206450,732,238501,0,B,22600,100
000629.SZ,20200327,92209680,733,239510,0,S,23800,200
000629.SZ,20200327,92211020,734,239925,0,B,22400,66900
000629.SZ,20200327,92211230,735,239986,0,S,24800,20000
000629.SZ,20200327,92213890,736,240852,0,B,22600,110500
000629.SZ,20200327,92214540,737,241052,0,B,21500,3000
000629.SZ,20200327,92215010,738,241193,0,S,23000,72600
000629.SZ,20200327,92216300,739,241604,0,B,22800,6000
000629.SZ,20200327,92218930,740,242461,0,S,22800,20000
000629.SZ,20200327,92223860,741,243989,0,B,22300,600
000629.SZ,20200327,92224880,742,244353,0,B,22500,11400
000629.SZ,20200327,92227280,743,245113,0,B,22700,10000
000629.SZ,20200327,92229250,744,245766,0,S,22600,7000
000629.SZ,20200327,92229450,745,245839,0,S,22700,100000
000629.SZ,20200327,92230670,746,246252,0,S,23300,5000
000629.SZ,20200327,92230810,747,246305,0,S,22700,10000
000629.SZ,20200327,92233120,748,246986,0,S,22600,100
000629.SZ,20200327,92235290,749,247732,0,B,22600,10000
000629.SZ,20200327,92235600,750,247849,0,S,23600,1000
000629.SZ,20200327,92239790,751,249216,0,S,22700,1000
000629.SZ,20200327,92240350,752,249385,0,S,23600,5000
000629.SZ,20200327,92240530,753,249454,0,B,22000,1800
000629.SZ,20200327,92241640,754,249822,0,S,22800,10000
000629.SZ,20200327,92242700,755,250187,0,S,22800,100000
000629.SZ,20200327,92251670,756,253178,0,S,22900,10000
000629.SZ,20200327,92251710,757,253200,0,S,23000,10000
000629.SZ,20200327,92254600,758,254167,0,S,23000,20000
000629.SZ,20200327,92254700,759,254202,0,S,24800,300
000629.SZ,20200327,92255430,760,254458,0,S,24000,3000
000629.SZ,20200327,92255550,761,254503,0,S,22900,100000
000629.SZ,20200327,92259210,762,255775,0,S,24400,2000
000629.SZ,20200327,92301710,763,256676,0,B,22600,100
000629.SZ,20200327,92301710,764,256678,0,B,22600,100
000629.SZ,20200327,92301710,765,256679,0,B,22600,100
000629.SZ,20200327,92301730,766,256683,0,B,22600,100
000629.SZ,20200327,92301910,767,256732,0,B,22600,100
000629.SZ,20200327,92301910,768,256733,0,B,22600,100
000629.SZ,20200327,92301920,769,256738,0,S,23000,10000
000629.SZ,20200327,92303350,770,257257,0,S,24800,5500
000629.SZ,20200327,92303660,771,257361,0,B,22600,100
000629.SZ,20200327,92303960,772,257467,0,B,22600,100
000629.SZ,20200327,92306600,773,258366,0,S,23500,1000
000629.SZ,20200327,92306820,774,258460,0,S,24800,10000
000629.SZ,20200327,92309450,775,259441,0,B,22600,100
000629.SZ,20200327,92309450,776,259445,0,B,22600,100
000629.SZ,20200327,92313420,777,260860,0,S,24500,1000
000629.SZ,20200327,92314760,778,261401,0,B,22600,2000
000629.SZ,20200327,92316390,779,261967,0,B,22500,5000
000629.SZ,20200327,92316960,780,262196,0,S,22800,50000
000629.SZ,20200327,92317070,781,262241,0,B,22100,22700
000629.SZ,20200327,92317520,782,262428,0,S,23900,1000
000629.SZ,20200327,92320080,783,263413,0,S,24500,2000
000629.SZ,20200327,92320200,784,263465,0,S,23200,20000
000629.SZ,20200327,92321160,785,263838,0,S,22900,3000
000629.SZ,20200327,92325570,786,265485,0,B,22300,2000
000629.SZ,20200327,92326690,787,265927,0,S,23200,600
000629.SZ,20200327,92327900,788,266436,0,S,24800,3000
000629.SZ,20200327,92329870,789,267196,0,S,24500,1500
000629.SZ,20200327,92329900,790,267207,0,S,22900,20000
000629.SZ,20200327,92330910,791,267582,0,S,23100,5000
000629.SZ,20200327,92331040,792,267633,0,S,23000,22200
000629.SZ,20200327,92331420,793,267782,0,S,22700,14000
000629.SZ,20200327,92332560,794,268228,0,S,24800,30000
000629.SZ,20200327,92335920,795,269617,0,S,23100,1500
000629.SZ,20200327,92336540,796,269874,0,B,22600,5000
000629.SZ,20200327,92336690,797,269936,0,S,23000,10000
000629.SZ,20200327,92337930,798,270459,0,S,23000,30000
000629.SZ,20200327,92340660,799,271568,0,S,23300,1000
000629.SZ,20200327,92345040,800,273371,0,S,24700,200
000629.SZ,20200327,92345220,801,273431,0,S,23400,6300
000629.SZ,20200327,92347230,802,274224,0,S,23100,10000
000629.SZ,20200327,92352130,803,276306,0,B,22100,4100
000629.SZ,20200327,92355590,804,277743,0,B,22600,48000
000629.SZ,20200327,92357820,805,278739,0,S,24800,1300
000629.SZ,20200327,92357860,806,278754,0,S,23200,10000
000629.SZ,20200327,92358000,807,278825,0,S,22700,15000
000629.SZ,20200327,92358150,808,278882,0,B,20300,100
000629.SZ,20200327,92358200,809,278905,0,S,22900,4800
000629.SZ,20200327,92401040,810,280149,0,S,21700,400
000629.SZ,20200327,92401720,811,280449,0,B,22600,100
000629.SZ,20200327,92401720,812,280450,0,B,22600,100
000629.SZ,20200327,92401720,813,280451,0,B,22600,100
000629.SZ,20200327,92401720,814,280452,0,B,22600,100
000629.SZ,20200327,92401860,815,280515,0,B,22600,100
000629.SZ,20200327,92401860,816,280516,0,B,22600,100
000629.SZ,20200327,92401870,817,280522,0,S,23400,2000
000629.SZ,20200327,92402260,818,280700,0,S,24800,1000
000629.SZ,20200327,92403130,819,281075,0,B,22200,1300
000629.SZ,20200327,92403470,820,281254,0,B,22600,100
000629.SZ,20200327,92403480,821,281256,0,B,22600,100
000629.SZ,20200327,92405850,822,282440,0,B,22600,10000
000629.SZ,20200327,92406630,823,282828,0,B,22600,100
000629.SZ,20200327,92406930,824,283014,0,B,22600,100
000629.SZ,20200327,92408020,825,283635,0,S,22500,50000
000629.SZ,20200327,92408740,826,283997,0,S,23300,1000
000629.SZ,20200327,92411710,827,285653,0,B,22700,3200
000629.SZ,20200327,92412300,828,286000,0,S,23800,900
000629.SZ,20200327,92416370,829,288313,0,S,22700,6700
000629.SZ,20200327,92416790,830,288623,0,S,20300,800
000629.SZ,20200327,92419400,831,290255,0,B,22600,7100
000629.SZ,20200327,92419470,832,290299,0,S,24700,15000
000629.SZ,20200327,92420310,833,290813,0,S,22900,5000
000629.SZ,20200327,92420970,834,291282,0,S,23600,2000
000629.SZ,20200327,92421180,835,291407,0,B,22200,1000
000629.SZ,20200327,92421380,836,291536,0,B,22600,5500
000629.SZ,20200327,92421570,837,291676,0,S,23500,10000
000629.SZ,20200327,92426980,838,295069,0,S,23600,500
000629.SZ,20200327,92427650,839,295439,0,S,22500,50000
000629.SZ,20200327,92428090,840,295706,0,B,22400,4800
000629.SZ,20200327,92430480,841,297322,0,B,23500,3600
000629.SZ,20200327,92432580,842,298766,0,B,22200,39000
000629.SZ,20200327,92433740,843,299550,0,S,23000,6000
000629.SZ,20200327,92435790,844,300975,0,S,22500,30000
000629.SZ,20200327,92438110,845,302526,0,B,22700,50000
000629.SZ,20200327,92440360,846,304132,0,S,24500,10000
000629.SZ,20200327,92443260,847,306119,0,B,22700,20000
000629.SZ,20200327,92444440,848,306902,0,B,22700,20000
000629.SZ,20200327,92444580,849,307001,0,S,24700,1000
000629.SZ,20200327,92445780,850,307813,0,S,24600,20000
000629.SZ,20200327,92446120,851,308028,0,S,24000,5000
000629.SZ,20200327,92448910,852,309950,0,B,22600,14500
000629.SZ,20200327,92449080,853,310073,0,S,23800,4000
000629.SZ,20200327,92449920,854,310630,0,S,24700,1000
000629.SZ,20200327,92451300,855,311523,0,S,24700,20000
000629.SZ,20200327,92451660,856,311775,0,S,22600,300
000629.SZ,20200327,92452590,857,312487,0,S,23500,900
000629.SZ,20200327,92455070,858,314437,0,S,23200,28000
000629.SZ,20200327,92455700,859,314929,0,B,22600,10000
000629.SZ,20200327,92455780,860,314983,0,B,22600,21000
000629.SZ,20200327,92455820,861,315016,0,S,23100,6600
000629.SZ,20200327,93000020,862,367599,0,B,22600,20000
000629.SZ,20200327,93000020,863,368059,0,S,24800,1000
000629.SZ,20200327,93000030,864,368757,0,S,23500,20000
000629.SZ,20200327,93000100,865,376080,0,B,22100,4800
000629.SZ,20200327,93000130,866,378343,0,S,22700,10000
000629.SZ,20200327,93000130,867,378667,0,S,23300,5000
000629.SZ,20200327,93000160,868,381889,0,B,22000,10000
000629.SZ,20200327,93000170,869,382695,0,B,22700,19000
000629.SZ,20200327,93000170,870,382872,0,B,22700,10000
000629.SZ,20200327,93000170,871,382968,0,B,22100,7200
000629.SZ,20200327,93000200,872,385526,0,B,22700,1000
000629.SZ,20200327,93000200,873,385663,0,S,22900,90000
000629.SZ,20200327,93000200,874,385890,0,B,22700,5000
000629.SZ,20200327,93000220,875,388242,0,S,24800,10000
000629.SZ,20200327,93000220,876,388390,0,S,24800,29200
000629.SZ,20200327,93000220,877,388477,0,S,23500,10000
000629.SZ,20200327,93000220,878,388560,0,S,23200,4500
000629.SZ,20200327,93000230,879,389267,0,S,23300,36500
000629.SZ,20200327,93000240,880,390008,0,S,22700,10000
000629.SZ,20200327,93000250,881,391493,0,S,23200,10000
000629.SZ,20200327,93000250,882,391601,0,S,22900,31900
000629.SZ,20200327,93000250,883,391766,0,B,22600,10000
000629.SZ,20200327,93000260,884,392447,0,B,22700,15000
000629.SZ,20200327,93000270,885,393615,0,B,22800,5000
000629.SZ,20200327,93000280,886,394702,0,B,22200,3000
000629.SZ,20200327,93000280,887,394813,0,S,24800,2500
000629.SZ,20200327,93000280,888,394941,0,S,23000,5000
000629.SZ,20200327,93000300,889,396390,0,S,23100,3100
000629.SZ,20200327,93000330,890,398761,0,B,22600,10000
000629.SZ,20200327,93000340,891,400151,0,B,20400,2200
000629.SZ,20200327,93000360,892,401525,0,S,22900,4700
000629.SZ,20200327,93000410,893,405504,0,S,24800,300
000629.SZ,20200327,93000440,894,407821,0,S,23200,600
000629.SZ,20200327,93000470,895,409361,0,S,23000,7300
000629.SZ,20200327,93000500,896,411453,0,S,23100,1000
000629.SZ,20200327,93000510,897,412163,0,S,23100,35300
000629.SZ,20200327,93000590,898,417371,0,S,23200,10000
000629.SZ,20200327,93000600,899,418407,0,B,22300,1500
000629.SZ,20200327,93000630,900,420242,0,S,24000,10000
000629.SZ,20200327,93000650,901,421248,0,S,22800,3100
000629.SZ,20200327,93000670,902,422687,0,B,22600,200
000629.SZ,20200327,93000670,903,423034,0,B,22800,5000
000629.SZ,20200327,93000690,904,424079,0,S,23400,1000
000629.SZ,20200327,93000720,905,425747,0,B,22000,100
000629.SZ,20200327,93000720,906,425930,0,S,23000,2300
000629.SZ,20200327,93000730,907,426334,0,S,22700,32000
000629.SZ,20200327,93000730,908,426644,0,S,24800,3100
000629.SZ,20200327,93000740,909,427128,0,S,22900,13000
000629.SZ,20200327,93000750,910,427340,0,S,23100,3000
000629.SZ,20200327,93000800,911,430991,0,S,23500,17600
000629.SZ,20200327,93000870,912,433933,0,B,22700,200
000629.SZ,20200327,93000890,913,435295,0,S,24800,38200
000629.SZ,20200327,93000920,914,436514,0,S,23300,300
000629.SZ,20200327,93000930,915,437221,0,B,22100,7200
000629.SZ,20200327,93000970,916,439874,0,S,23600,4800
000629.SZ,20200327,93000980,917,440112,0,B,22200,38000
000629.SZ,20200327,93000990,918,440467,0,S,22700,46000
000629.SZ,20200327,93001000,919,441170,0,S,23000,30000
000629.SZ,20200327,93001010,920,441429,0,B,22600,1500
000629.SZ,20200327,93001010,921,441839,0,B,22600,100
000629.SZ,20200327,93001040,922,443199,0,S,22200,800
000629.SZ,20200327,93001060,923,444400,0,B,22700,22100
000629.SZ,20200327,93001080,924,445181,0,S,22700,400
000629.SZ,20200327,93001100,925,446186,0,B,22300,200
000629.SZ,20200327,93001100,926,446348,0,B,22300,1100
000629.SZ,20200327,93001100,927,446349,0,S,23000,100000
000629.SZ,20200327,93001140,928,448562,0,S,24800,10000
000629.SZ,20200327,93001170,929,449924,0,S,23000,3000
000629.SZ,20200327,93001190,930,450772,0,S,23500,60000
000629.SZ,20200327,93001220,931,452001,0,S,22700,1300
000629.SZ,20200327,93001230,932,452547,0,S,22700,2100
000629.SZ,20200327,93001270,933,453795,0,B,22500,12100
000629.SZ,20200327,93001280,934,454230,0,B,22500,11600
000629.SZ,20200327,93001300,935,455263,0,S,22900,10200
000629.SZ,20200327,93001370,936,458726,0,S,22500,1000
000629.SZ,20200327,93001380,937,458958,0,B,22000,1000
000629.SZ,20200327,93001430,938,461766,0,S,22900,1300
000629.SZ,20200327,93001470,939,464175,0,S,23200,100
000629.SZ,20200327,93001520,940,467596,0,S,22900,17800
000629.SZ,20200327,93001530,941,468262,0,S,22900,5000
000629.SZ,20200327,93001560,942,469256,0,B,22700,10000
000629.SZ,20200327,93001570,943,469556,0,S,23500,3000
000629.SZ,20200327,93001570,944,469575,0,S,24000,3000
000629.SZ,20200327,93001570,945,469788,0,S,22900,8500
000629.SZ,20200327,93001580,946,470001,0,B,22500,300
000629.SZ,20200327,93001580,947,470157,0,B,22000,2300
000629.SZ,20200327,93001580,948,470324,0,B,22700,700
000629.SZ,20200327,93001580,949,470395,0,S,22700,300
000629.SZ,20200327,93001590,950,470562,0,S,24800,500
000629.SZ,20200327,93001600,951,470974,0,S,23300,2000
000629.SZ,20200327,93001600,952,471021,0,S,23800,2000
000629.SZ,20200327,93001600,953,471191,0,B,22600,26000
000629.SZ,20200327,93001610,954,471483,0,S,23500,2000
000629.SZ,20200327,93001620,955,472039,0,S,22800,15000
000629.SZ,20200327,93001640,956,472815,0,S,24800,5000
000629.SZ,20200327,93001650,957,473644,0,S,23200,200000
000629.SZ,20200327,93001670,958,474545,0,S,22500,10000
000629.SZ,20200327,93001690,959,475357,0,B,22300,12000
000629.SZ,20200327,93001730,960,477311,0,S,23500,77500
000629.SZ,20200327,93001740,961,477703,0,S,23100,20000
000629.SZ,20200327,93001740,962,477780,0,S,24300,2000
000629.SZ,20200327,93001750,963,478293,0,S,22900,57400
000629.SZ,20200327,93001770,964,478921,0,S,22800,1000
000629.SZ,20200327,93001770,965,479046,0,S,23200,192900
000629.SZ,20200327,93001780,966,479782,0,S,24800,2000
000629.SZ,20200327,93001800,967,480688,0,S,24800,1000
000629.SZ,20200327,93001800,968,480924,0,S,23100,5700
000629.SZ,20200327,93001840,969,482491,0,B,22600,5000
000629.SZ,20200327,93001870,970,483731,0,B,22700,83600
000629.SZ,20200327,93001890,971,484616,0,S,23500,20000
000629.SZ,20200327,93001910,972,485464,0,S,23200,1900
000629.SZ,20200327,93001920,973,485671,0,S,24800,5000
000629.SZ,20200327,93001930,974,486373,0,S,23800,5000
000629.SZ,20200327,93001940,975,487028,0,B,22100,10000
000629.SZ,20200327,93001940,976,487116,0,B,22300,5000
000629.SZ,20200327,93001960,977,487888,0,B,22200,10000
000629.SZ,20200327,93002040,978,492121,0,S,23600,1000
000629.SZ,20200327,93002060,979,493113,0,B,22400,100
000629.SZ,20200327,93002230,980,499028,0,S,23200,15000
000629.SZ,20200327,93002250,981,499650,0,S,23000,59500
000629.SZ,20200327,93002250,982,499936,0,S,22700,7500
000629.SZ,20200327,93002270,983,500602,0,B,22500,2500
000629.SZ,20200327,93002290,984,501316,0,S,23600,1000
000629.SZ,20200327,93002310,985,501978,0,S,22900,4300
000629.SZ,20200327,93002340,986,503986,0,S,23100,16000
000629.SZ,20200327,93002350,987,504106,0,S,24700,1200
000629.SZ,20200327,93002390,988,506075,0,S,22600,4000
000629.SZ,20200327,93002400,989,506582,0,B,22500,10000
000629.SZ,20200327,93002420,990,507831,0,B,22700,5000
000629.SZ,20200327,93002440,991,508682,0,S,23200,1300
000629.SZ,20200327,93002440,992,509093,0,B,22400,5000
000629.SZ,20200327,93002460,993,509848,0,S,24800,74600
000629.SZ,20200327,93002470,994,510063,0,B,22200,2000
000629.SZ,20200327,93002490,995,511007,0,S,24800,500
000629.SZ,20200327,93002520,996,512350,0,S,22700,300
000629.SZ,20200327,93002550,997,513377,0,S,22900,2500
000629.SZ,20200327,93002580,998,514758,0,B,22700,2000
000629.SZ,20200327,93002610,999,515793,0,S,23000,7300
000629.SZ,20200327,93002610,1000,516011,0,B,22700,2000
000629.SZ,20200327,93002620,1001,516360,0,S,22600,20000
000629.SZ,20200327,93002670,1002,518676,0,S,23600,1400
000629.SZ,20200327,93002730,1003,521283,0,S,24500,500
000629.SZ,20200327,93002740,1004,521944,0,B,21300,4500
000629.SZ,20200327,93002770,1005,522619,0,S,23200,4300
000629.SZ,20200327,93002770,1006,522907,0,S,23700,3500
000629.SZ,20200327,93002810,1007,524877,0,S,23300,2000
000629.SZ,20200327,93002820,1008,524997,0,B,22600,10000
000629.SZ,20200327,93002840,1009,525918,0,S,24700,3000
000629.SZ,20200327,93002860,1010,526578,0,B,22700,2000
000629.SZ,20200327,93002970,1011,530497,0,B,22300,10000
000629.SZ,20200327,93002990,1012,531225,0,S,22800,4600
000629.SZ,20200327,93003000,1013,531666,0,S,24800,6000
000629.SZ,20200327,93003020,1014,532293,0,B,22300,3000
000629.SZ,20200327,93003060,1015,533959,0,S,23500,4400
000629.SZ,20200327,93003060,1016,534127,0,B,21900,7100
000629.SZ,20200327,93003070,1017,534570,0,S,23100,20000
000629.SZ,20200327,93003090,1018,535384,0,B,22400,8900
000629.SZ,20200327,93003110,1019,536111,0,S,23900,5900
000629.SZ,20200327,93003120,1020,536648,0,B,22500,2200
000629.SZ,20200327,93003140,1021,537221,0,B,22000,2000
000629.SZ,20200327,93003160,1022,537803,0,B,22000,800
000629.SZ,20200327,93003170,1023,538201,0,S,22600,9900
000629.SZ,20200327,93003260,1024,541022,0,B,22600,2000
000629.SZ,20200327,93003300,1025,542422,0,B,22700,1500
000629.SZ,20200327,93003360,1026,543885,0,S,23900,13000
000629.SZ,20200327,93003380,1027,544557,0,S,22700,15000
000629.SZ,20200327,93003390,1028,545178,0,B,22100,20000
000629.SZ,20200327,93003420,1029,546219,0,B,22500,100000
000629.SZ,20200327,93003490,1030,548999,0,B,22400,400
000629.SZ,20200327,93003510,1031,549934,0,S,23000,90200
000629.SZ,20200327,93003540,1032,551016,0,S,23000,1000
000629.SZ,20200327,93003580,1033,552201,0,B,22300,1000
000629.SZ,20200327,93003620,1034,553272,0,S,22700,14700
000629.SZ,20200327,93003660,1035,554543,0,B,22600,1000
000629.SZ,20200327,93003680,1036,555055,0,S,22800,1600
000629.SZ,20200327,93003700,1037,555597,0,B,22600,6200
000629.SZ,20200327,93003700,1038,555784,0,S,23100,3800
000629.SZ,20200327,93003700,1039,555833,0,S,23500,1000
000629.SZ,20200327,93003740,1040,556828,0,S,23100,9000
000629.SZ,20200327,93003740,1041,556924,0,S,24800,4800
000629.SZ,20200327,93003760,1042,557800,0,B,22500,20000
000629.SZ,20200327,93003770,1043,557915,0,B,21900,1000
000629.SZ,20200327,93003830,1044,560011,0,B,22400,2200
000629.SZ,20200327,93003850,1045,560803,0,B,22600,22900
000629.SZ,20200327,93003880,1046,561756,0,B,20300,33200
000629.SZ,20200327,93003880,1047,561883,0,S,23600,5000
000629.SZ,20200327,93003920,1048,563528,0,S,22900,30000
000629.SZ,20200327,93003930,1049,563780,0,S,24800,3000
000629.SZ,20200327,93004040,1050,567317,0,B,22200,3400
000629.SZ,20200327,93004060,1051,567899,0,B,20400,20500
000629.SZ,20200327,93004060,1052,568159,0,S,23500,100
000629.SZ,20200327,93004060,1053,568276,0,S,23500,20000
000629.SZ,20200327,93004100,1054,570006,0,S,23500,20000
000629.SZ,20200327,93004100,1055,570023,0,S,23200,6000
000629.SZ,20200327,93004100,1056,570059,0,S,24400,10000
000629.SZ,20200327,93004120,1057,570477,0,S,22800,21500
000629.SZ,20200327,93004180,1058,572361,0,B,22300,4000
000629.SZ,20200327,93004310,1059,576387,0,S,22700,6100
000629.SZ,20200327,93004390,1060,578296,0,B,22500,1000
000629.SZ,20200327,93004460,1061,581050,0,S,23100,5000
000629.SZ,20200327,93004490,1062,582198,0,S,22600,100
000629.SZ,20200327,93004500,1063,582470,1,S,0,100
000629.SZ,20200327,93004520,1064,583250,0,B,22500,10000
000629.SZ,20200327,93004580,1065,584789,0,S,24800,7000
000629.SZ,20200327,93004600,1066,585424,0,B,22100,100
000629.SZ,20200327,93004620,1067,585923,0,B,22600,2600
000629.SZ,20200327,93004690,1068,587760,0,B,22100,12900
000629.SZ,20200327,93004910,1069,593452,0,S,23000,500
000629.SZ,20200327,93004920,1070,593788,0,S,23000,1900
000629.SZ,20200327,93004950,1071,594679,0,B,22400,300
000629.SZ,20200327,93005070,1072,597808,0,B,22700,5000
000629.SZ,20200327,93005080,1073,597864,0,B,22500,700
000629.SZ,20200327,93005090,1074,598254,0,B,20500,10200
000629.SZ,20200327,93005100,1075,598711,0,S,24200,30000
000629.SZ,20200327,93005130,1076,599427,0,B,22500,3700
000629.SZ,20200327,93005160,1077,600396,0,S,24500,3000
000629.SZ,20200327,93005210,1078,601916,0,B,22100,700
000629.SZ,20200327,93005280,1079,603964,0,S,22700,35100
000629.SZ,20200327,93005300,1080,604532,0,B,22300,2200
000629.SZ,20200327,93005320,1081,604964,0,S,23000,3700
000629.SZ,20200327,93005370,1082,606116,0,B,22200,3000
000629.SZ,20200327,93005380,1083,606472,0,S,23400,10000
000629.SZ,20200327,93005410,1084,607245,0,S,22700,6800
000629.SZ,20200327,93005410,1085,607315,0,S,24800,15000
000629.SZ,20200327,93005460,1086,609053,0,S,22900,62800
000629.SZ,20200327,93005540,1087,611406,0,B,22100,20000
000629.SZ,20200327,93005580,1088,612199,0,B,22000,500
000629.SZ,20200327,93005600,1089,612696,0,S,23000,1000
000629.SZ,20200327,93005600,1090,612766,0,S,23300,1400
000629.SZ,20200327,93005630,1091,613393,0,S,23200,10000
000629.SZ,20200327,93005710,1092,615539,0,S,22600,6700
000629.SZ,20200327,93005710,1093,615593,0,B,22400,4000
000629.SZ,20200327,93005910,1094,619365,0,S,23500,3000
000629.SZ,20200327,93005940,1095,620250,0,B,22700,1000
000629.SZ,20200327,93005950,1096,620634,0,B,22400,10000
000629.SZ,20200327,93005950,1097,620638,0,S,22700,100
000629.SZ,20200327,93005970,1098,621109,0,S,23500,3000
000629.SZ,20200327,93005980,1099,621351,0,S,24800,4500
000629.SZ,20200327,93006030,1100,622169,0,S,22600,14000
000629.SZ,20200327,93006030,1101,622275,0,S,23300,500
000629.SZ,20200327,93006110,1102,624097,0,S,23200,10000
000629.SZ,20200327,93006120,1103,624390,0,S,22700,2400
000629.SZ,20200327,93006130,1104,624655,0,S,23600,1900
000629.SZ,20200327,93006170,1105,625507,0,S,22700,400
000629.SZ,20200327,93006210,1106,626172,0,B,22500,2800
000629.SZ,20200327,93006280,1107,628100,0,B,22500,10300
000629.SZ,20200327,93006300,1108,628384,0,S,22800,437900
000629.SZ,20200327,93006300,1109,628412,0,B,22400,10000
000629.SZ,20200327,93006430,1110,631607,0,S,22700,25500
000629.SZ,20200327,93006540,1111,634370,0,S,23500,4400
000629.SZ,20200327,93006560,1112,634829,0,S,23400,3000
000629.SZ,20200327,93006570,1113,634941,0,S,22700,20000
000629.SZ,20200327,93006600,1114,635523,0,S,22800,4500
000629.SZ,20200327,93006630,1115,636263,0,S,23100,10000
000629.SZ,20200327,93006670,1116,637087,0,S,24800,500
000629.SZ,20200327,93006720,1117,638168,0,S,22600,6700
000629.SZ,20200327,93006740,1118,638688,0,S,22700,3800
000629.SZ,20200327,93006760,1119,639040,0,S,23900,500
000629.SZ,20200327,93006770,1120,639144,0,B,22600,1000
000629.SZ,20200327,93006800,1121,639985,0,S,23100,2200
000629.SZ,20200327,93006810,1122,640141,0,S,24800,3600
000629.SZ,20200327,93006810,1123,640151,0,S,22900,2000
000629.SZ,20200327,93006830,1124,640666,0,S,23300,4400
000629.SZ,20200327,93006930,1125,642790,0,B,22400,6500
000629.SZ,20200327,93006960,1126,643527,0,S,22900,10000
000629.SZ,20200327,93007200,1127,647784,0,B,22200,900
000629.SZ,20200327,93007200,1128,647893,0,S,23100,5000
000629.SZ,20200327,93007220,1129,648485,0,S,23500,50000
000629.SZ,20200327,93007400,1130,652334,0,B,22600,10000
000629.SZ,20200327,93007410,1131,652800,0,S,23800,1000
000629.SZ,20200327,93007420,1132,652994,0,S,23100,10000
000629.SZ,20200327,93007520,1133,654968,0,S,23900,1000
000629.SZ,20200327,93007580,1134,656116,0,B,22300,20000
000629.SZ,20200327,93007580,1135,656117,0,S,23000,10000
000629.SZ,20200327,93007770,1136,659466,0,S,24400,100
000629.SZ,20200327,93007810,1137,660312,0,B,22000,500
000629.SZ,20200327,93007980,1138,663528,0,S,23900,1000
000629.SZ,20200327,93008020,1139,664143,0,B,22600,100
000629.SZ,20200327,93008040,1140,664408,0,S,23000,1000
000629.SZ,20200327,93008100,1141,665305,0,B,20300,50000
000629.SZ,20200327,93008220,1142,667663,0,B,22600,4200
000629.SZ,20200327,93008270,1143,668441,0,B,22300,2000
000629.SZ,20200327,93008300,1144,669207,0,S,23100,10000
000629.SZ,20200327,93008350,1145,670132,0,S,22600,1300
000629.SZ,20200327,93008530,1146,672744,0,S,22900,2500
000629.SZ,20200327,93008560,1147,673446,0,S,24800,2600
000629.SZ,20200327,93008840,1148,677036,0,B,22000,11500
000629.SZ,20200327,93008860,1149,677252,0,S,23600,5000
000629.SZ,20200327,93008930,1150,678332,0,S,23100,800
000629.SZ,20200327,93009020,1151,679724,0,B,22600,400
000629.SZ,20200327,93009120,1152,681282,0,S,22800,7000
000629.SZ,20200327,93009300,1153,683752,0,B,21600,4200
000629.SZ,20200327,93009480,1154,685882,0,B,21000,500
000629.SZ,20200327,93009600,1155,687401,0,S,22800,49304
000629.SZ,20200327,93009800,1156,689294,0,S,23200,28000
000629.SZ,20200327,93009870,1157,690081,0,S,23000,10000
000629.SZ,20200327,93010080,1158,692581,0,S,22600,7000
000629.SZ,20200327,93010230,1159,694595,0,S,23900,2000
000629.SZ,20200327,93010280,1160,695255,0,B,21500,3000
000629.SZ,20200327,93010290,1161,695481,0,B,22200,6700
000629.SZ,20200327,93010370,1162,696645,0,S,23000,52200
000629.SZ,20200327,93010440,1163,697507,0,B,22700,1000
000629.SZ,20200327,93010860,1164,701814,0,S,23100,20000
000629.SZ,20200327,93010990,1165,702757,0,B,22600,2000
000629.SZ,20200327,93011050,1166,703174,0,S,23200,600
000629.SZ,20200327,93011190,1167,704787,0,B,21200,200
000629.SZ,20200327,93011510,1168,707291,0,S,22700,200
000629.SZ,20200327,93011560,1169,707912,0,B,22400,200
000629.SZ,20200327,93011570,1170,708007,0,B,22400,6000
000629.SZ,20200327,93011750,1171,709187,0,S,22800,50000
000629.SZ,20200327,93011850,1172,709760,0,S,22700,7500
000629.SZ,20200327,93011950,1173,710327,0,S,22900,8700
000629.SZ,20200327,93011980,1174,710558,0,S,24600,200
000629.SZ,20200327,93012290,1175,712546,0,S,23700,10000
000629.SZ,20200327,93012560,1176,714948,0,B,22700,2000
000629.SZ,20200327,93012580,1177,715158,0,B,22600,3000
000629.SZ,20200327,93012660,1178,715724,0,B,22600,100
000629.SZ,20200327,93012750,1179,716327,0,B,22600,5300
000629.SZ,20200327,93012820,1180,716821,0,S,22900,8000
000629.SZ,20200327,93012820,1181,716900,0,S,23900,8300
000629.SZ,20200327,93013390,1182,721650,0,B,22700,2300
000629.SZ,20200327,93013770,1183,724551,0,S,24800,200
000629.SZ,20200327,93014060,1184,726161,0,B,22200,200
000629.SZ,20200327,93014210,1185,727086,0,S,22700,4500
000629.SZ,20200327,93014250,1186,727306,0,S,23600,3200
000629.SZ,20200327,93014300,1187,727692,0,B,22300,20000
000629.SZ,20200327,93014340,1188,728070,0,S,23000,47600
000629.SZ,20200327,93014840,1189,730942,0,S,23100,10000
000629.SZ,20200327,93015210,1190,732755,0,S,23100,4000
000629.SZ,20200327,93015300,1191,733412,0,S,23300,2900
000629.SZ,20200327,93015370,1192,733973,0,S,22600,200
000629.SZ,20200327,93017580,1193,746398,0,S,22700,1000
000629.SZ,20200327,93017590,1194,746403,0,S,22700,300
000629.SZ,20200327,93017590,1195,746404,0,S,22700,300
000629.SZ,20200327,93017590,1196,746405,0,S,22700,500
000629.SZ,20200327,93017590,1197,746406,0,S,22700,500
000629.SZ,20200327,93017590,1198,746407,0,S,22700,200
000629.SZ,20200327,93017900,1199,747484,0,S,22700,400
000629.SZ,20200327,93018870,1200,752406,0,B,22000,5000
000629.SZ,20200327,93019320,1201,755585,0,S,22600,300
000629.SZ,20200327,93019920,1202,758514,0,B,22600,1800
000629.SZ,20200327,93020540,1203,760926,0,S,22600,1200
000629.SZ,20200327,93021300,1204,764391,0,S,22600,4500
000629.SZ,20200327,93021560,1205,765586,0,S,24100,11000
000629.SZ,20200327,93022280,1206,770469,0,S,22500,1200
000629.SZ,20200327,93022330,1207,770914,0,S,22600,100000
000629.SZ,20200327,93022880,1208,773835,0,S,23500,10500
000629.SZ,20200327,93023860,1209,777821,0,S,23100,1500
000629.SZ,20200327,93026080,1210,789242,0,S,23200,2300
000629.SZ,20200327,93027020,1211,793215,0,B,22600,800
000629.SZ,20200327,93027030,1212,793264,0,S,22700,1000
000629.SZ,20200327,93027130,1213,793726,0,S,22700,30000
000629.SZ,20200327,93027530,1214,795708,0,S,22700,2300
000629.SZ,20200327,93027530,1215,795720,0,S,22700,700
000629.SZ,20200327,93027530,1216,795746,0,S,22700,700
000629.SZ,20200327,93027540,1217,795790,0,S,22700,800
000629.SZ,20200327,93028660,1218,802655,0,S,22700,20000
000629.SZ,20200327,93029090,1219,804579,0,S,22600,14200
000629.SZ,20200327,93029790,1220,808030,0,B,22600,4500
000629.SZ,20200327,93030370,1221,810282,0,B,22200,3000
000629.SZ,20200327,93030590,1222,811364,0,S,22600,1000
000629.SZ,20200327,93030630,1223,811612,0,B,22500,100
000629.SZ,20200327,93030650,1224,811743,0,B,22600,100
000629.SZ,20200327,93030950,1225,813905,0,S,22700,25500
000629.SZ,20200327,93031200,1226,815869,0,S,23100,1000
000629.SZ,20200327,93031440,1227,817729,0,B,22100,10000
000629.SZ,20200327,93032070,1228,820799,0,B,22600,13700
000629.SZ,20200327,93033170,1229,825839,0,S,22700,5000
000629.SZ,20200327,93033230,1230,826061,0,S,22700,10000
000629.SZ,20200327,93033810,1231,829175,0,S,22600,1000
000629.SZ,20200327,93034380,1232,833544,0,B,22400,1000
000629.SZ,20200327,93034750,1233,835656,0,S,22700,10000
000629.SZ,20200327,93035170,1234,837668,0,S,22700,1500
000629.SZ,20200327,93036310,1235,843305,0,S,22600,3900
000629.SZ,20200327,93036600,1236,844880,0,S,22600,12300
000629.SZ,20200327,93036600,1237,844883,0,S,22600,5500
000629.SZ,20200327,93036840,1238,846529,0,S,22700,7600
000629.SZ,20200327,93036850,1239,846599,0,S,23400,10000
000629.SZ,20200327,93037050,1240,848120,0,S,22600,300
000629.SZ,20200327,93037210,1241,849622,0,S,24800,191400
000629.SZ,20200327,93037490,1242,851561,0,S,22800,2500
000629.SZ,20200327,93037510,1243,851666,0,B,22300,1000
000629.SZ,20200327,93037640,1244,852316,1,S,0,9900
000629.SZ,20200327,93038810,1245,858063,0,S,23200,8400
000629.SZ,20200327,93039060,1246,859034,0,S,23000,5000
000629.SZ,20200327,93039150,1247,859433,0,S,23200,21400
000629.SZ,20200327,93039610,1248,861736,0,S,22600,5700
000629.SZ,20200327,93039610,1249,861743,0,B,22600,6900
000629.SZ,20200327,93042070,1250,875564,0,S,22700,39300
000629.SZ,20200327,93042260,1251,876440,0,S,22700,10200
000629.SZ,20200327,93042320,1252,876802,0,S,22600,100000
000629.SZ,20200327,93043060,1253,881652,0,B,22400,2000
000629.SZ,20200327,93043540,1254,884835,0,S,23300,6000
000629.SZ,20200327,93043650,1255,885311,0,S,22700,13300
000629.SZ,20200327,93043910,1256,886452,0,B,22600,500
000629.SZ,20200327,93044680,1257,889796,0,S,22800,5000
000629.SZ,20200327,93045680,1258,894529,0,S,22600,12500
000629.SZ,20200327,93045700,1259,894662,0,S,22600,12500
000629.SZ,20200327,93045700,1260,894668,0,S,22600,61600
000629.SZ,20200327,93045740,1261,894908,0,S,22600,4600
000629.SZ,20200327,93046860,1262,901603,1,S,0,2200
000629.SZ,20200327,93047070,1263,902607,0,S,23000,500
000629.SZ,20200327,93047680,1264,905385,0,S,22600,16000
000629.SZ,20200327,93048160,1265,907490,0,S,23500,1300
000629.SZ,20200327,93048730,1266,910217,0,S,22600,6900
000629.SZ,20200327,93048940,1267,911726,0,B,22300,15700
000629.SZ,20200327,93048990,1268,912166,0,S,22600,6900
000629.SZ,20200327,93048990,1269,912199,0,S,22600,6000
000629.SZ,20200327,93049390,1270,914879,0,S,22700,20000
000629.SZ,20200327,93049470,1271,915314,0,S,23500,24000
000629.SZ,20200327,93050960,1272,921805,0,S,22600,64000
000629.SZ,20200327,93051360,1273,923558,0,B,22700,400
000629.SZ,20200327,93051590,1274,924469,0,S,22600,147300
000629.SZ,20200327,93051600,1275,924495,0,S,22600,400
000629.SZ,20200327,93051600,1276,924496,0,S,22600,400
000629.SZ,20200327,93051600,1277,924497,0,S,22600,500
000629.SZ,20200327,93051600,1278,924498,0,S,22600,300
000629.SZ,20200327,93051600,1279,924518,0,S,22600,400
000629.SZ,20200327,93051640,1280,924728,0,S,22600,40000
000629.SZ,20200327,93052010,1281,927088,0,S,22600,144200
000629.SZ,20200327,93052390,1282,929720,0,S,22900,20000
000629.SZ,20200327,93053020,1283,932567,0,S,22600,400
000629.SZ,20200327,93053450,1284,934374,0,S,23100,47600
000629.SZ,20200327,93053740,1285,935540,0,S,23000,10000
000629.SZ,20200327,93054660,1286,939361,0,B,22500,8900
000629.SZ,20200327,93054720,1287,939714,0,S,22600,2100
000629.SZ,20200327,93054730,1288,939727,0,S,22600,1300
000629.SZ,20200327,93055040,1289,941690,0,S,24700,1000
000629.SZ,20200327,93055660,1290,945606,0,S,23100,6000
000629.SZ,20200327,93055810,1291,946365,0,S,22600,5000
000629.SZ,20200327,93056160,1292,947938,0,S,22600,2000
000629.SZ,20200327,93057670,1293,954690,0,S,22600,22800
000629.SZ,20200327,93059540,1294,965222,0,S,22700,10000
000629.SZ,20200327,93059560,1295,965330,0,S,24700,1000
000629.SZ,20200327,93100110,1296,967932,0,S,22700,72600
000629.SZ,20200327,93100590,1297,971003,0,B,22500,2200
000629.SZ,20200327,93100830,1298,973071,0,S,22600,10000
000629.SZ,20200327,93100920,1299,974073,0,S,22600,10000
000629.SZ,20200327,93101330,1300,977960,0,B,22500,1400
000629.SZ,20200327,93102830,1301,986036,0,S,22600,143300
000629.SZ,20200327,93102960,1302,986670,0,B,22700,1000
000629.SZ,20200327,93103490,1303,989349,0,S,23300,11000
000629.SZ,20200327,93104070,1304,993831,0,S,22600,1000
000629.SZ,20200327,93104810,1305,998895,0,S,23200,1100
000629.SZ,20200327,93104830,1306,998956,0,B,22100,10000
000629.SZ,20200327,93106470,1307,1006196,0,S,23000,2000
000629.SZ,20200327,93106700,1308,1007483,0,B,22500,3000
000629.SZ,20200327,93106780,1309,1008048,0,S,22800,3300
000629.SZ,20200327,93107930,1310,1015193,0,S,22600,20000
000629.SZ,20200327,93108150,1311,1016093,0,S,24800,21300
000629.SZ,20200327,93109000,1312,1019874,0,S,22700,900
000629.SZ,20200327,93111220,1313,1032268,0,S,22700,4100
000629.SZ,20200327,93111370,1314,1033031,0,S,23400,2600
000629.SZ,20200327,93111950,1315,1035627,1,S,0,1100
000629.SZ,20200327,93112700,1316,1038967,0,S,22600,4000
000629.SZ,20200327,93113970,1317,1046890,0,B,22500,10000
000629.SZ,20200327,93114350,1318,1048595,0,S,24800,8400
000629.SZ,20200327,93115070,1319,1051501,0,S,22600,3000
000629.SZ,20200327,93118950,1320,1070707,0,S,22800,4200
000629.SZ,20200327,93119920,1321,1075670,0,S,23000,20000
000629.SZ,20200327,93120210,1322,1076738,0,S,22700,5000
000629.SZ,20200327,93120220,1323,1076769,0,S,23000,1000
000629.SZ,20200327,93120280,1324,1076964,0,B,22000,1500
000629.SZ,20200327,93120660,1325,1078376,0,S,24800,2000
000629.SZ,20200327,93121590,1326,1082034,0,S,22600,50000
000629.SZ,20200327,93122790,1327,1088785,0,B,22500,9300
000629.SZ,20200327,93123040,1328,1089757,0,S,23700,3800
000629.SZ,20200327,93123590,1329,1091988,0,S,23600,800
000629.SZ,20200327,93124690,1330,1096381,0,S,23500,3400
000629.SZ,20200327,93125430,1331,1100650,0,S,22700,4000
000629.SZ,20200327,93125660,1332,1101787,0,B,22000,4000
000629.SZ,20200327,93126150,1333,1103649,0,B,21900,5100
000629.SZ,20200327,93126560,1334,1105047,0,S,23500,17000
000629.SZ,20200327,93126990,1335,1106489,0,B,22300,7100
000629.SZ,20200327,93127640,1336,1108869,0,B,22500,100
000629.SZ,20200327,93127930,1337,1110470,0,S,24800,1000
000629.SZ,20200327,93128530,1338,1113619,0,S,22500,10000
000629.SZ,20200327,93128580,1339,1113834,0,S,23400,4900
000629.SZ,20200327,93129050,1340,1115608,0,S,22700,5000
000629.SZ,20200327,93129720,1341,1118184,0,B,22500,6000
000629.SZ,20200327,93129800,1342,1118453,0,S,22600,25000
000629.SZ,20200327,93129920,1343,1118871,0,S,22500,10000
000629.SZ,20200327,93131170,1344,1124317,0,B,22400,7800
000629.SZ,20200327,93131350,1345,1125263,0,S,22600,1000
000629.SZ,20200327,93131380,1346,1125461,0,B,22500,41300
000629.SZ,20200327,93132060,1347,1128218,0,S,23500,5000
000629.SZ,20200327,93132130,1348,1128534,0,B,22600,9100
000629.SZ,20200327,93135900,1349,1143902,0,B,22500,2000
000629.SZ,20200327,93137020,1350,1148718,0,B,22400,10000
000629.SZ,20200327,93137910,1351,1152901,0,S,23000,500
000629.SZ,20200327,93138320,1352,1154328,0,B,22500,1600
000629.SZ,20200327,93138650,1353,1155528,0,B,22500,1900
000629.SZ,20200327,93139280,1354,1157623,0,B,22400,5000
000629.SZ,20200327,93139600,1355,1158725,0,B,22500,11700
000629.SZ,20200327,93139660,1356,1158946,0,B,22500,5000
000629.SZ,20200327,93139960,1357,1160340,0,S,22900,1000
000629.SZ,20200327,93140550,1358,1163954,0,B,22500,3300
000629.SZ,20200327,93141490,1359,1167321,0,S,24000,6400
000629.SZ,20200327,93141800,1360,1168425,0,B,22000,6600
000629.SZ,20200327,93142340,1361,1170369,0,S,22600,2000
000629.SZ,20200327,93143540,1362,1176256,0,S,22600,4700
000629.SZ,20200327,93143710,1363,1177028,0,S,22800,10000
000629.SZ,20200327,93143950,1364,1177856,0,B,22400,200
000629.SZ,20200327,93144070,1365,1178282,0,S,22500,500
000629.SZ,20200327,93145100,1366,1181995,0,S,22800,2000
000629.SZ,20200327,93145380,1367,1183018,0,B,22600,1000
000629.SZ,20200327,93145530,1368,1183588,0,B,22600,200
000629.SZ,20200327,93145800,1369,1184852,0,S,22600,16100
000629.SZ,20200327,93146000,1370,1185861,0,S,23500,40000
000629.SZ,20200327,93146010,1371,1185912,0,S,22600,25100
000629.SZ,20200327,93146130,1372,1186538,0,B,22500,10000
000629.SZ,20200327,93146470,1373,1188351,0,S,22700,4600
000629.SZ,20200327,93148640,1374,1195982,0,S,22600,10000
000629.SZ,20200327,93150780,1375,1204207,0,B,22500,5400
000629.SZ,20200327,93151370,1376,1206246,0,S,22800,8000
000629.SZ,20200327,93151860,1377,1208284,0,S,22800,1000
000629.SZ,20200327,93152380,1378,1211383,0,B,22400,20000
000629.SZ,20200327,93152610,1379,1212474,0,S,24600,10000
000629.SZ,20200327,93152970,1380,1213728,0,S,23900,10000
000629.SZ,20200327,93154080,1381,1217652,0,B,22400,3000
000629.SZ,20200327,93154500,1382,1219071,0,S,22700,20100
000629.SZ,20200327,93155010,1383,1221358,0,S,23100,300
000629.SZ,20200327,93155140,1384,1222028,0,B,22500,3000
000629.SZ,20200327,93155630,1385,1224371,0,S,22500,800
000629.SZ,20200327,93155680,1386,1224582,0,B,22400,2100
000629.SZ,20200327,93155740,1387,1224788,0,B,22500,8800
000629.SZ,20200327,93156730,1388,1227999,0,B,22500,10000
000629.SZ,20200327,93156940,1389,1228755,0,B,22500,2000
000629.SZ,20200327,93157560,1390,1230988,0,S,22600,1000
000629.SZ,20200327,93157840,1391,1232253,0,S,22600,500
000629.SZ,20200327,93157890,1392,1232491,0,S,22600,900
000629.SZ,20200327,93158800,1393,1236831,0,S,22600,800
000629.SZ,20200327,93158830,1394,1236946,0,S,22900,1000
000629.SZ,20200327,93159020,1395,1237600,0,S,22600,500
000629.SZ,20200327,93159470,1396,1239175,0,S,22600,2300
000629.SZ,20200327,93159490,1397,1239256,0,S,22600,10000
000629.SZ,20200327,93200410,1398,1242794,0,B,22400,5000
000629.SZ,20200327,93201450,1399,1248645,0,B,22500,5000
000629.SZ,20200327,93202270,1400,1251853,0,S,23500,3000
000629.SZ,20200327,93202430,1401,1252568,0,S,22600,9400
000629.SZ,20200327,93203030,1402,1254837,0,B,22500,100
000629.SZ,20200327,93203380,1403,1256286,0,B,22600,400
000629.SZ,20200327,93203440,1404,1256533,0,S,22900,400
000629.SZ,20200327,93205160,1405,1264236,0,S,24800,4000
000629.SZ,20200327,93206730,1406,1270376,0,S,22600,31000
000629.SZ,20200327,93206870,1407,1270973,0,S,23100,8000
000629.SZ,20200327,93208440,1408,1277285,0,S,24700,16000
000629.SZ,20200327,93208770,1409,1278267,0,S,23000,2000
000629.SZ,20200327,93208830,1410,1278535,0,S,23000,5800
000629.SZ,20200327,93209440,1411,1280533,0,S,22500,6400
000629.SZ,20200327,93210050,1412,1282984,0,B,22500,2000
000629.SZ,20200327,93210140,1413,1283385,0,S,22700,21800
000629.SZ,20200327,93210530,1414,1285170,0,S,22600,5000
000629.SZ,20200327,93211120,1415,1287079,0,B,22300,10000
000629.SZ,20200327,93211680,1416,1288736,0,S,22600,5300
000629.SZ,20200327,93212970,1417,1293855,0,B,22200,200
000629.SZ,20200327,93214460,1418,1299958,0,B,22400,10000
000629.SZ,20200327,93215070,1419,1301917,0,B,22100,40100
000629.SZ,20200327,93216250,1420,1306658,0,B,22500,2300
000629.SZ,20200327,93216890,1421,1309211,0,S,22700,600
000629.SZ,20200327,93217090,1422,1309892,0,S,24800,24800
000629.SZ,20200327,93217710,1423,1311946,0,S,23200,40600
000629.SZ,20200327,93217950,1424,1312649,0,S,22500,13500
000629.SZ,20200327,93217960,1425,1312666,0,S,22500,15500
000629.SZ,20200327,93220090,1426,1321035,0,S,23000,4000
000629.SZ,20200327,93220280,1427,1321712,0,B,22500,6000
000629.SZ,20200327,93220370,1428,1322035,0,S,22800,1000
000629.SZ,20200327,93220900,1429,1323869,0,B,22500,6000
000629.SZ,20200327,93221240,1430,1325038,0,S,22600,9600
000629.SZ,20200327,93221510,1431,1325983,0,B,22400,12000
000629.SZ,20200327,93221590,1432,1326316,0,B,22300,9600
000629.SZ,20200327,93221770,1433,1326983,0,B,22500,10000
000629.SZ,20200327,93222280,1434,1329307,0,S,22600,80000
000629.SZ,20200327,93222560,1435,1330403,0,B,22500,10000
000629.SZ,20200327,93223210,1436,1332502,0,S,23100,10000
000629.SZ,20200327,93223470,1437,1333401,0,B,22400,10000
000629.SZ,20200327,93224120,1438,1335285,0,B,21000,100
000629.SZ,20200327,93225410,1439,1340822,0,S,22700,23100
000629.SZ,20200327,93225980,1440,1342785,0,S,22800,5000
000629.SZ,20200327,93226210,1441,1343531,0,B,22500,3000
000629.SZ,20200327,93226500,1442,1344503,0,S,24800,3200
000629.SZ,20200327,93227480,1443,1347835,0,S,23500,8500
000629.SZ,20200327,93228000,1444,1350256,0,B,22500,500
000629.SZ,20200327,93229680,1445,1355939,0,B,22500,1000
000629.SZ,20200327,93230080,1446,1357195,0,B,22300,6600
000629.SZ,20200327,93230120,1447,1357314,0,B,22400,100000
000629.SZ,20200327,93231700,1448,1363667,0,S,22500,25500
000629.SZ,20200327,93231790,1449,1363944,0,S,22900,2000
000629.SZ,20200327,93231910,1450,1364367,0,B,22500,1000
000629.SZ,20200327,93233000,1451,1367617,0,S,23300,5000
000629.SZ,20200327,93233320,1452,1368598,0,S,22600,20000
000629.SZ,20200327,93234440,1453,1373159,0,S,24800,25000
000629.SZ,20200327,93235360,1454,1376177,0,S,23500,10000
000629.SZ,20200327,93236560,1455,1380220,0,S,22600,10000
000629.SZ,20200327,93237350,1456,1383939,0,B,22400,5000
000629.SZ,20200327,93238080,1457,1386447,0,S,24500,11000
000629.SZ,20200327,93238120,1458,1386585,0,S,24800,1300
000629.SZ,20200327,93238170,1459,1386749,0,S,23200,1000
000629.SZ,20200327,93239290,1460,1390303,0,B,22500,10000
000629.SZ,20200327,93239630,1461,1391430,0,B,22900,100
000629.SZ,20200327,93240700,1462,1395448,0,S,22700,6600
000629.SZ,20200327,93240880,1463,1395998,0,S,22700,2000
000629.SZ,20200327,93240960,1464,1396229,0,S,22700,10000
000629.SZ,20200327,93241320,1465,1397372,0,S,22500,200000
000629.SZ,20200327,93243170,1466,1404250,0,S,22500,28000
000629.SZ,20200327,93243410,1467,1405234,0,B,21000,1000
000629.SZ,20200327,93243660,1468,1406199,0,B,22100,1000
000629.SZ,20200327,93243800,1469,1406716,0,B,22000,3000
000629.SZ,20200327,93245450,1470,1411906,0,S,22700,91500
000629.SZ,20200327,93245620,1471,1412552,0,S,24600,1000
000629.SZ,20200327,93246980,1472,1417716,0,B,22500,76000
000629.SZ,20200327,93246990,1473,1417776,0,B,22300,9000
000629.SZ,20200327,93247250,1474,1418727,0,B,21900,3000
000629.SZ,20200327,93247470,1475,1419368,0,S,22500,66900
000629.SZ,20200327,93247560,1476,1419628,0,S,22900,1200
000629.SZ,20200327,93247920,1477,1420799,0,S,24800,600
000629.SZ,20200327,93248390,1478,1422429,0,B,22400,1000
000629.SZ,20200327,93250270,1479,1429549,0,S,23400,2000
000629.SZ,20200327,93250570,1480,1430440,0,B,22500,2000
000629.SZ,20200327,93250890,1481,1431439,0,B,22300,1000
000629.SZ,20200327,93250990,1482,1431756,0,S,22500,2000
000629.SZ,20200327,93252050,1483,1435260,0,B,22500,100
000629.SZ,20200327,93252060,1484,1435301,0,B,22600,3400
000629.SZ,20200327,93252390,1485,1436816,0,S,23000,5200
000629.SZ,20200327,93253670,1486,1441078,0,B,22000,1000
000629.SZ,20200327,93254370,1487,1443270,0,S,23200,20200
000629.SZ,20200327,93255110,1488,1446057,0,S,24600,1000
000629.SZ,20200327,93257630,1489,1455347,0,S,22600,47600
000629.SZ,20200327,93257980,1490,1456987,0,B,22400,5000
000629.SZ,20200327,93258840,1491,1460480,0,S,22900,5800
000629.SZ,20200327,93259210,1492,1462158,0,S,22600,10000
000629.SZ,20200327,93300040,1493,1465733,0,B,22000,200
000629.SZ,20200327,93300430,1494,1467459,0,B,22500,5000
000629.SZ,20200327,93301170,1495,1471786,0,S,23300,10000
000629.SZ,20200327,93301400,1496,1473218,0,S,22600,4700
000629.SZ,20200327,93302770,1497,1478917,0,B,22000,1100
000629.SZ,20200327,93304450,1498,1486753,0,B,22200,20000
000629.SZ,20200327,93304750,1499,1487865,0,B,22200,1000
000629.SZ,20200327,93305000,1500,1488845,0,B,22500,10300
000629.SZ,20200327,93308240,1501,1501937,0,S,22500,3100
000629.SZ,20200327,93309330,1502,1505705,0,S,22500,1600
000629.SZ,20200327,93310200,1503,1509717,0,S,22600,20000
000629.SZ,20200327,93311250,1504,1513900,0,S,24800,10600
000629.SZ,20200327,93311780,1505,1515666,0,S,22600,6000
000629.SZ,20200327,93312960,1506,1520082,0,S,22800,5000
000629.SZ,20200327,93313930,1507,1524016,0,S,22700,64300
000629.SZ,20200327,93314010,1508,1524239,0,B,22500,20000
000629.SZ,20200327,93314150,1509,1524761,0,S,22500,3000
000629.SZ,20200327,93314220,1510,1525043,0,B,22500,900
000629.SZ,20200327,93316140,1511,1531625,0,B,22200,3000
000629.SZ,20200327,93316910,1512,1534430,0,S,23100,5000
000629.SZ,20200327,93317340,1513,1535788,0,S,23000,2000
000629.SZ,20200327,93317830,1514,1537439,0,S,24800,26300
000629.SZ,20200327,93318470,1515,1539586,0,B,22500,35700
000629.SZ,20200327,93319820,1516,1545117,0,B,22100,1000
000629.SZ,20200327,93320640,1517,1548157,0,B,22300,200000
000629.SZ,20200327,93321920,1518,1552504,0,B,21000,400
000629.SZ,20200327,93322020,1519,1552912,1,S,0,2200
000629.SZ,20200327,93322040,1520,1553037,0,S,22500,300
000629.SZ,20200327,93322210,1521,1553945,0,S,24800,8100
000629.SZ,20200327,93323660,1522,1558890,0,S,22700,3000
000629.SZ,20200327,93324840,1523,1562746,0,B,22300,500
000629.SZ,20200327,93326800,1524,1569852,0,B,22400,4500
000629.SZ,20200327,93328030,1525,1574422,0,B,22500,100
000629.SZ,20200327,93328370,1526,1576140,0,S,24800,10000
000629.SZ,20200327,93329790,1527,1581133,0,S,22500,1200
000629.SZ,20200327,93331120,1528,1586063,0,B,22500,8500
000629.SZ,20200327,93331330,1529,1587153,1,S,0,3300
000629.SZ,20200327,93331710,1530,1588650,0,S,22500,1200
000629.SZ,20200327,93332320,1531,1590830,0,B,22300,1400
000629.SZ,20200327,93332880,1532,1592628,0,S,22500,2000
000629.SZ,20200327,93333660,1533,1595376,0,S,22500,7000
000629.SZ,20200327,93334600,1534,1599774,0,B,22600,2000
000629.SZ,20200327,93334940,1535,1601103,0,B,22500,1300
000629.SZ,20200327,93336290,1536,1605681,1,S,0,5500
000629.SZ,20200327,93336990,1537,1608774,0,B,22400,10000
000629.SZ,20200327,93337170,1538,1609775,0,S,22700,1000
000629.SZ,20200327,93337800,1539,1612605,0,S,22800,300
000629.SZ,20200327,93338530,1540,1615009,0,B,23100,3300
000629.SZ,20200327,93338840,1541,1616088,0,S,22900,2000
000629.SZ,20200327,93339610,1542,1618893,0,S,22700,1000
000629.SZ,20200327,93339650,1543,1619056,1,S,0,3300
000629.SZ,20200327,93340060,1544,1620995,0,B,22400,1400
000629.SZ,20200327,93341630,1545,1626789,0,S,22700,2000
000629.SZ,20200327,93342380,1546,1629192,1,S,0,1100
000629.SZ,20200327,93343370,1547,1633348,0,B,22500,3400
000629.SZ,20200327,93343440,1548,1633650,0,S,23300,1500
000629.SZ,20200327,93343800,1549,1634835,0,B,22100,10000
000629.SZ,20200327,93344190,1550,1635967,0,B,22500,500
000629.SZ,20200327,93345690,1551,1640715,0,B,20300,13500
000629.SZ,20200327,93346040,1552,1642293,0,S,23200,1000
000629.SZ,20200327,93347020,1553,1645726,0,S,22800,1000
000629.SZ,20200327,93347220,1554,1646336,0,S,23000,6000
000629.SZ,20200327,93347280,1555,1646503,0,B,22400,10000
000629.SZ,20200327,93348820,1556,1651887,0,S,22800,1000
000629.SZ,20200327,93349140,1557,1653227,0,S,23700,600
000629.SZ,20200327,93349160,1558,1653310,0,S,23600,800
000629.SZ,20200327,93350490,1559,1657701,0,B,22400,10000
000629.SZ,20200327,93353460,1560,1667335,0,B,22600,3300
000629.SZ,20200327,93353510,1561,1667507,0,B,22500,3700
000629.SZ,20200327,93354100,1562,1669060,0,B,22500,2700
000629.SZ,20200327,93354640,1563,1670622,0,B,21600,3000
000629.SZ,20200327,93355290,1564,1672906,0,B,22600,900
000629.SZ,20200327,93356680,1565,1677379,0,S,22700,500
000629.SZ,20200327,93357360,1566,1679438,0,S,22700,3000
000629.SZ,20200327,93357380,1567,1679511,0,B,22200,15000
000629.SZ,20200327,93357790,1568,1680792,0,S,22900,1000
000629.SZ,20200327,93357990,1569,1681629,0,B,22200,5000
000629.SZ,20200327,93359270,1570,1685801,0,B,22500,2000
000629.SZ,20200327,93359690,1571,1687045,0,S,22900,1000
000629.SZ,20200327,93400770,1572,1690882,0,B,22500,3500
000629.SZ,20200327,93400860,1573,1691218,0,S,22600,74700
000629.SZ,20200327,93402150,1574,1696365,0,B,22100,600
000629.SZ,20200327,93402500,1575,1697478,0,B,22000,2000
000629.SZ,20200327,93402510,1576,1697505,0,S,22500,2000
000629.SZ,20200327,93402890,1577,1698574,0,B,22500,800
000629.SZ,20200327,93402910,1578,1698624,0,B,22500,10000
000629.SZ,20200327,93403020,1579,1698950,0,S,23000,4800
000629.SZ,20200327,93405930,1580,1709133,0,S,22600,17800
000629.SZ,20200327,93406410,1581,1710599,0,S,22700,300
000629.SZ,20200327,93406530,1582,1710921,0,S,23000,1000
000629.SZ,20200327,93406610,1583,1711217,0,S,22700,3000
000629.SZ,20200327,93407380,1584,1714325,0,B,22500,3200
000629.SZ,20200327,93408450,1585,1717625,0,B,22500,2800
000629.SZ,20200327,93409750,1586,1721975,0,B,22300,3000
000629.SZ,20200327,93410080,1587,1723445,0,S,22900,5000
000629.SZ,20200327,93410540,1588,1725360,0,S,22500,100000
000629.SZ,20200327,93410850,1589,1726352,0,B,22500,900
000629.SZ,20200327,93411190,1590,1727326,0,B,20800,800
000629.SZ,20200327,93411940,1591,1729631,0,B,22500,10100
000629.SZ,20200327,93412010,1592,1729824,0,S,22800,10000
000629.SZ,20200327,93414000,1593,1736837,0,B,22600,500
000629.SZ,20200327,93414770,1594,1739153,0,S,23100,1000
000629.SZ,20200327,93415030,1595,1739822,0,B,22500,100
000629.SZ,20200327,93415780,1596,1742030,0,S,22600,21800
000629.SZ,20200327,93415890,1597,1742472,0,S,22500,13300
000629.SZ,20200327,93415950,1598,1742725,0,S,22500,13300
000629.SZ,20200327,93416010,1599,1742955,0,S,24800,1500
000629.SZ,20200327,93416080,1600,1743213,0,S,22600,10000
000629.SZ,20200327,93417310,1601,1746940,0,S,22800,8000
000629.SZ,20200327,93417470,1602,1747359,0,B,22400,10000
000629.SZ,20200327,93419500,1603,1753237,0,S,23100,5500
000629.SZ,20200327,93419670,1604,1753760,0,B,22500,6000
000629.SZ,20200327,93419900,1605,1754417,0,S,22500,1200
000629.SZ,20200327,93420280,1606,1755544,0,S,22500,100
000629.SZ,20200327,93420310,1607,1755626,0,S,22600,10000
000629.SZ,20200327,93420310,1608,1755646,0,S,22500,800
000629.SZ,20200327,93420970,1609,1757368,0,S,22800,23600
000629.SZ,20200327,93421520,1610,1758806,0,S,22500,60000
000629.SZ,20200327,93421930,1611,1760194,0,B,22600,3000
000629.SZ,20200327,93422000,1612,1760494,0,B,22100,53500
000629.SZ,20200327,93422240,1613,1761444,0,B,22400,3600
000629.SZ,20200327,93422510,1614,1762313,0,S,24800,161100
000629.SZ,20200327,93424360,1615,1767251,0,S,22900,10100
000629.SZ,20200327,93424840,1616,1768665,0,S,22600,16000
000629.SZ,20200327,93426730,1617,1774579,0,S,22500,30000
000629.SZ,20200327,93427280,1618,1776089,0,S,23500,2000
000629.SZ,20200327,93427600,1619,1777003,0,S,22700,2000
000629.SZ,20200327,93427670,1620,1777208,0,S,22500,15000
000629.SZ,20200327,93428740,1621,1780957,0,B,20900,2200
000629.SZ,20200327,93429490,1622,1782985,0,S,22500,143300
000629.SZ,20200327,93430010,1623,1784285,0,S,22600,5600
000629.SZ,20200327,93430600,1624,1785963,0,B,22400,4800
000629.SZ,20200327,93430980,1625,1787410,0,S,22600,49304
000629.SZ,20200327,93431340,1626,1788860,0,B,22400,1300
000629.SZ,20200327,93431520,1627,1789448,0,S,22600,6300
000629.SZ,20200327,93431990,1628,1790820,0,S,23000,14000
000629.SZ,20200327,93432300,1629,1791671,0,B,22500,1200
000629.SZ,20200327,93433000,1630,1793576,0,S,24500,20000
000629.SZ,20200327,93433250,1631,1794187,0,S,22500,40000
000629.SZ,20200327,93433700,1632,1795463,0,S,22500,1300
000629.SZ,20200327,93433710,1633,1795475,0,S,22500,2100
000629.SZ,20200327,93435240,1634,1800714,0,B,22600,10000
000629.SZ,20200327,93435690,1635,1801905,0,S,23100,10000
000629.SZ,20200327,93435770,1636,1802094,0,S,23500,6000
000629.SZ,20200327,93436160,1637,1803201,0,S,22500,85100
000629.SZ,20200327,93436160,1638,1803202,0,B,22500,1000
000629.SZ,20200327,93436230,1639,1803376,0,S,23200,900
000629.SZ,20200327,93436720,1640,1804749,0,B,22200,3000
000629.SZ,20200327,93436860,1641,1805217,0,S,23000,900
000629.SZ,20200327,93437550,1642,1807610,0,B,22100,10000
000629.SZ,20200327,93437570,1643,1807683,0,S,23100,70000
000629.SZ,20200327,93439750,1644,1813912,0,B,22400,100
000629.SZ,20200327,93440410,1645,1816550,0,B,20300,1000
000629.SZ,20200327,93441140,1646,1818761,0,S,22600,10000
000629.SZ,20200327,93441230,1647,1819028,0,B,22500,100
000629.SZ,20200327,93442360,1648,1821919,0,S,22700,8000
000629.SZ,20200327,93443070,1649,1824378,0,S,23200,4000
000629.SZ,20200327,93443280,1650,1825363,0,S,22900,10000
000629.SZ,20200327,93443530,1651,1826410,0,B,21900,10000
000629.SZ,20200327,93443650,1652,1826934,0,B,22100,5000
000629.SZ,20200327,93443880,1653,1827711,0,B,22500,1000
000629.SZ,20200327,93444140,1654,1828587,0,B,22500,4800
000629.SZ,20200327,93446240,1655,1834903,0,S,22500,15400
000629.SZ,20200327,93449150,1656,1844202,0,B,22000,10000
000629.SZ,20200327,93451200,1657,1850602,0,B,20300,10000
000629.SZ,20200327,93451230,1658,1850662,0,B,22200,10000
000629.SZ,20200327,93452550,1659,1854958,0,B,22500,500
000629.SZ,20200327,93452890,1660,1855890,0,S,24800,1000
000629.SZ,20200327,93453030,1661,1856228,0,S,22600,5000
000629.SZ,20200327,93453660,1662,1857956,0,S,22500,10000
000629.SZ,20200327,93454440,1663,1860153,0,B,22400,1000
000629.SZ,20200327,93454550,1664,1860509,0,B,22500,1100
000629.SZ,20200327,93454720,1665,1861102,0,S,24000,10200
000629.SZ,20200327,93455310,1666,1863337,0,S,22400,600
000629.SZ,20200327,93455670,1667,1864472,0,S,22800,6000
000629.SZ,20200327,93456150,1668,1865592,0,S,22500,26000
000629.SZ,20200327,93456510,1669,1866639,0,S,22500,5300
000629.SZ,20200327,93457760,1670,1870353,0,B,22500,14600
000629.SZ,20200327,93458000,1671,1871190,0,S,22600,3800
000629.SZ,20200327,93500760,1672,1880909,0,B,22400,100
000629.SZ,20200327,93501520,1673,1884129,0,B,22400,4900
000629.SZ,20200327,93501710,1674,1884642,0,B,22200,13700
000629.SZ,20200327,93502030,1675,1885524,0,B,22000,1100
000629.SZ,20200327,93502100,1676,1885784,0,S,23000,3700
000629.SZ,20200327,93503010,1677,1888436,0,S,23000,45900
000629.SZ,20200327,93504010,1678,1891976,0,B,22200,25500
000629.SZ,20200327,93504030,1679,1892035,0,B,22400,100
000629.SZ,20200327,93504850,1680,1895299,0,B,22000,7400
000629.SZ,20200327,93505070,1681,1895973,0,B,22500,1100
000629.SZ,20200327,93506220,1682,1899213,0,B,22400,10000
000629.SZ,20200327,93506220,1683,1899220,0,B,22400,2200
000629.SZ,20200327,93506230,1684,1899246,0,B,22400,1100
000629.SZ,20200327,93506230,1685,1899247,0,B,22400,1200
000629.SZ,20200327,93506230,1686,1899248,0,B,22400,2100
000629.SZ,20200327,93506230,1687,1899249,0,B,22400,3900
000629.SZ,20200327,93506240,1688,1899259,0,B,22400,6600
000629.SZ,20200327,93507640,1689,1904143,0,B,22300,10000
000629.SZ,20200327,93509160,1690,1908507,0,B,22400,1100
000629.SZ,20200327,93509300,1691,1908872,0,B,22200,25000
000629.SZ,20200327,93509810,1692,1910550,0,B,22300,1100
000629.SZ,20200327,93510320,1693,1912680,0,S,23200,10000
000629.SZ,20200327,93510700,1694,1914033,0,B,20300,20000
000629.SZ,20200327,93511100,1695,1915203,0,B,22000,6800
000629.SZ,20200327,93511350,1696,1915904,0,S,22600,90200
000629.SZ,20200327,93511930,1697,1917426,0,B,22400,500
000629.SZ,20200327,93513300,1698,1922116,0,B,22200,10000
000629.SZ,20200327,93513700,1699,1923439,0,B,22400,5000
000629.SZ,20200327,93516280,1700,1930954,0,S,22400,2900
000629.SZ,20200327,93516410,1701,1931430,0,B,22500,1200
000629.SZ,20200327,93516410,1702,1931464,0,S,23100,6000
000629.SZ,20200327,93516870,1703,1932674,0,S,22500,6000
000629.SZ,20200327,93516980,1704,1932920,0,B,22400,5600
000629.SZ,20200327,93519020,1705,1938629,0,S,22500,1500
000629.SZ,20200327,93519530,1706,1940514,0,S,23200,10000
000629.SZ,20200327,93520000,1707,1941784,0,S,23200,100000
000629.SZ,20200327,93520060,1708,1941942,0,B,22400,18500
000629.SZ,20200327,93522610,1709,1949895,0,S,22900,5500
000629.SZ,20200327,93524710,1710,1955583,0,B,22400,5000
000629.SZ,20200327,93525220,1711,1957349,0,S,24800,2200
000629.SZ,20200327,93526630,1712,1961251,0,B,20900,16000
000629.SZ,20200327,93527610,1713,1963674,0,B,22500,1200
000629.SZ,20200327,93527680,1714,1963924,0,B,22000,2100
000629.SZ,20200327,93527740,1715,1964188,0,S,22700,5000
000629.SZ,20200327,93527810,1716,1964453,0,S,22400,100
000629.SZ,20200327,93529040,1717,1968388,0,S,23400,2200
000629.SZ,20200327,93529260,1718,1968985,0,B,22000,1300
000629.SZ,20200327,93529570,1719,1969864,0,S,22500,10000
000629.SZ,20200327,93530700,1720,1972870,0,S,22400,26000
000629.SZ,20200327,93531090,1721,1974301,0,B,22000,900
000629.SZ,20200327,93531350,1722,1975287,0,B,22300,10000
000629.SZ,20200327,93531630,1723,1976203,0,S,22500,2000
000629.SZ,20200327,93531980,1724,1977122,0,S,23600,5000
000629.SZ,20200327,93532610,1725,1978832,0,S,23500,2000
000629.SZ,20200327,93533640,1726,1981615,0,S,22500,5000
000629.SZ,20200327,93534820,1727,1985718,0,B,22400,100
000629.SZ,20200327,93536810,1728,1991382,0,S,22600,6800
000629.SZ,20200327,93536830,1729,1991451,0,S,22600,2000
000629.SZ,20200327,93536930,1730,1991725,0,B,22400,10000
000629.SZ,20200327,93538080,1731,1995413,0,B,20300,100
000629.SZ,20200327,93538120,1732,1995488,0,S,23300,10000
000629.SZ,20200327,93538330,1733,1996107,0,B,22500,1100
000629.SZ,20200327,93539240,1734,1998430,0,S,22700,1000
000629.SZ,20200327,93539380,1735,1998798,0,B,22400,2000
000629.SZ,20200327,93539630,1736,1999529,0,S,22500,3800
000629.SZ,20200327,93539640,1737,1999544,0,S,23300,11000
000629.SZ,20200327,93540460,1738,2002278,0,B,22000,1000
000629.SZ,20200327,93540540,1739,2002523,0,B,22300,900
000629.SZ,20200327,93542450,1740,2007446,0,B,22400,14400
000629.SZ,20200327,93543060,1741,2009337,0,B,22000,5000
000629.SZ,20200327,93544000,1742,2012276,0,B,22400,5000
000629.SZ,20200327,93544810,1743,2014498,0,B,22400,3000
000629.SZ,20200327,93545370,1744,2015866,0,S,24800,3700
000629.SZ,20200327,93545460,1745,2016119,0,S,22400,600
000629.SZ,20200327,93546100,1746,2018056,0,B,22400,30000
000629.SZ,20200327,93547300,1747,2021517,0,B,22400,2200
000629.SZ,20200327,93547520,1748,2022041,0,B,22400,10000
000629.SZ,20200327,93548400,1749,2024206,0,S,22900,22800
000629.SZ,20200327,93549610,1750,2028444,0,B,22500,1000
000629.SZ,20200327,93550090,1751,2029690,0,B,22300,10000
000629.SZ,20200327,93551120,1752,2032211,0,B,22400,4600
000629.SZ,20200327,93551670,1753,2033559,0,B,20800,1000
000629.SZ,20200327,93552530,1754,2036349,0,B,20800,300
000629.SZ,20200327,93553520,1755,2038933,0,B,22400,20000
000629.SZ,20200327,93553830,1756,2039642,0,B,22500,10000
000629.SZ,20200327,93553830,1757,2039653,0,B,22400,1500
000629.SZ,20200327,93553840,1758,2039662,0,B,22400,1900
000629.SZ,20200327,93553840,1759,2039663,0,B,22400,6100
000629.SZ,20200327,93553840,1760,2039664,0,B,22400,1300
000629.SZ,20200327,93553850,1761,2039690,0,B,22400,1300
000629.SZ,20200327,93553850,1762,2039693,0,B,22400,3900
000629.SZ,20200327,93553890,1763,2039815,0,B,22400,900
000629.SZ,20200327,93554330,1764,2040958,0,B,22400,3000
000629.SZ,20200327,93555190,1765,2043906,0,S,23000,5000
000629.SZ,20200327,93555480,1766,2045267,0,B,21200,200
000629.SZ,20200327,93556030,1767,2047130,0,B,22400,100
000629.SZ,20200327,93556500,1768,2048704,0,B,21200,3000
000629.SZ,20200327,93556630,1769,2049115,0,B,22200,50000
000629.SZ,20200327,93557020,1770,2050275,0,S,23100,500
000629.SZ,20200327,93559100,1771,2058972,0,B,22100,10900
000629.SZ,20200327,93600290,1772,2063239,0,B,22300,12000
000629.SZ,20200327,93600290,1773,2063250,0,B,22500,1200
000629.SZ,20200327,93600370,1774,2063576,0,B,22400,50000
000629.SZ,20200327,93600380,1775,2063597,0,S,22900,300
000629.SZ,20200327,93600710,1776,2064982,0,B,22000,3000
000629.SZ,20200327,93601050,1777,2066768,0,S,24800,4000
000629.SZ,20200327,93601090,1778,2067035,0,B,22400,6700
000629.SZ,20200327,93601360,1779,2068502,0,B,22500,100
000629.SZ,20200327,93601550,1780,2069379,0,S,22800,8600
000629.SZ,20200327,93602070,1781,2071483,0,S,22900,19500
000629.SZ,20200327,93602910,1782,2074424,0,B,22500,2400
000629.SZ,20200327,93602980,1783,2074634,0,S,24700,3000
000629.SZ,20200327,93603310,1784,2075995,0,B,22500,6900
000629.SZ,20200327,93604150,1785,2080414,0,B,22400,7900
000629.SZ,20200327,93604240,1786,2080993,0,B,22500,22300
000629.SZ,20200327,93604590,1787,2082988,0,S,22500,10400
000629.SZ,20200327,93604930,1788,2084373,0,B,21300,900
000629.SZ,20200327,93605060,1789,2084860,0,B,22100,6100
000629.SZ,20200327,93605850,1790,2087805,0,B,22400,5000
000629.SZ,20200327,93605920,1791,2087986,0,B,22400,9500
000629.SZ,20200327,93606780,1792,2091315,0,B,21300,2000
000629.SZ,20200327,93606920,1793,2092160,0,S,23000,2500
000629.SZ,20200327,93607190,1794,2093835,0,B,22300,2000
000629.SZ,20200327,93607320,1795,2094739,0,B,22400,3500
000629.SZ,20200327,93607340,1796,2094849,0,B,22400,10100
000629.SZ,20200327,93607500,1797,2095765,0,B,22300,3000
000629.SZ,20200327,93607730,1798,2096727,0,B,22400,1100
000629.SZ,20200327,93607990,1799,2097882,0,S,24800,300
000629.SZ,20200327,93609170,1800,2102195,0,B,22300,4600
000629.SZ,20200327,93609270,1801,2102511,0,B,22400,17700
000629.SZ,20200327,93609410,1802,2102974,0,B,21500,3000
000629.SZ,20200327,93609560,1803,2103604,0,S,22400,1200
000629.SZ,20200327,93609600,1804,2103817,0,S,23200,2500
000629.SZ,20200327,93609750,1805,2104497,0,B,22500,20000
000629.SZ,20200327,93609990,1806,2106011,0,B,22000,5000
000629.SZ,20200327,93610310,1807,2108738,0,B,22100,10500
000629.SZ,20200327,93610430,1808,2109588,0,B,22500,400
000629.SZ,20200327,93611130,1809,2112792,0,S,23500,5000
000629.SZ,20200327,93611140,1810,2112817,0,B,22100,4800
000629.SZ,20200327,93611210,1811,2113115,0,B,22500,1200
000629.SZ,20200327,93611290,1812,2113493,0,S,22600,88100
000629.SZ,20200327,93611550,1813,2114499,0,B,20300,1900
000629.SZ,20200327,93612230,1814,2117038,0,B,22400,10000
000629.SZ,20200327,93612290,1815,2117226,0,B,22400,8900
000629.SZ,20200327,93612470,1816,2117935,0,B,22400,3000
000629.SZ,20200327,93612590,1817,2118485,0,B,22200,600
000629.SZ,20200327,93612890,1818,2120241,0,B,22400,9700
000629.SZ,20200327,93613020,1819,2121279,0,B,22100,1000
000629.SZ,20200327,93613460,1820,2124386,0,S,22600,27000
000629.SZ,20200327,93613760,1821,2126213,0,B,22100,2000
000629.SZ,20200327,93614100,1822,2127942,0,B,22500,3000
000629.SZ,20200327,93614430,1823,2129581,0,B,22300,10000
000629.SZ,20200327,93614810,1824,2131130,0,B,22500,46200
000629.SZ,20200327,93614850,1825,2131303,0,B,22400,6100
000629.SZ,20200327,93615510,1826,2133828,0,B,22500,23100
000629.SZ,20200327,93615650,1827,2134420,0,B,22800,100
000629.SZ,20200327,93615650,1828,2134426,0,S,22700,1000
000629.SZ,20200327,93615670,1829,2134563,0,B,22500,500
